                  11/05/2025 at 5:59 PM
                          2104 WILLIAMS BLVD,
                                KENNER,
                                   LA
                         Store (504) 469-0861
                   11/05/25 5:59pm      1412 006 52
                          Store Manager: PAUL
                        Your Cashier: STEPHEN




                44251105141200601001158005200000




                                                Reg               You Pay
       k&l Canned Beans                         $1.39               $0.99 B
       You save    ($0.40)
       Blue Runner Beans                        $3.79              $3.79    B
       Manda Sausage                            $5.69              $5.19    B
       You save    ($0.50)
       SEG BOIL-N-BAG                           $2.19              $2.19    B
Total number of items sold = 4
        Subtotal                                                   $12.16
        Tax                                                         $0.43
        Total due                                                  $12.59

        Debit total                                                $12.59
DEBIT ****xeex #x*2394
APPROVAL CODE 143387 SEQ #: 60871
AID A0000000980840
        Change                                                      $0.00
                Winn-Dixie rewards (ending in 9453

  rewards savings             Coupon savings            Total savings

        $0.90                       $0                     $0.90
                             Points summary*:

    Base earned              Bonus earned           Total balance


         6                         18                        87
                   Worth $0.87 in FREE groceries
              *May not include pending points activity

           Every 100 points = $1 in FREE groceries
         Terms apply. See WinnDixie.com for details

        Thank you for shopping your local Winn-Dixie!



                Add items to shopping list
                   11/04/2025 at 2:00 PM
                        Store Manager: PAUL
                     Your Cashier: ACM LANE_73




                44251104141207300000073008800000




                                                 Reg               You Pay
QTY 2   Hugbi Pies                               $5.38               $5.38 B
        know & love Cheese                       $3.19               $3.19 B
        Chicken Thighs                          $15.14              $11.13 B
        2.23 lbs @ $4.99/lb
        You save   ($4.01)
        Dewafelbakkr Pneks                       $4.29              $4.29    B
        Fanta Soda                               $9.99              $5.99    B
        You save   ($4.00)
        DR PEPPER 12PK                           $9.99              $5.99    B
        You save   ($4.00)
QTY 10 CocaCola Soda                            $99.90             $59.90    B
        You save   ($40.00)
       Kleinpeter Milk                           $6.89              $6.89    B
Total number of items sold = 18
        Subtotal                                                   $102.76
        Tax                                                          $3.60
        Total due                                                  $106.36

         Visa total                                                $106.36
VISA #48 ke     EH ION?
APPROVAL CODE 01102G SEQ #: 737220
AID A0000000031010
        Change                                                       $0.00

                Winn-Dixie rewards (ending in 9453

  rewards savings             Coupon savings             Total savings

        $52.01                      $0                     $52.01
                             Points summary*:

    Base earned              Bonus earned            Total balance


          51                        0                         63
                   Worth $0.63 in FREE groceries
              *May not include pending points activity

            Every 100 points = $1 in FREE groceries
          Terms apply. See WinnDixie.com for details



                 Add items to shopping list
                   10/30/2025 at 8:45PM
                         Store Manager: PAUL
                      Your Cashier: ACM LANE_74




                 44251030141207400000074014900000




                                                 Reg               You Pay
        Fritos Dip                               $3.79               $3.79 B
        Quaker Rice Crisps                       $3.69              $3.69 B
        Essentials Cookies                       $2.19              $2.19    B
        Campbell's Soup                          $1.99              $1.99    B
QTY 2   Mission Chips                            $7.38              $3.69    B
        You save    ($3.69)
Total number of items sold = 6
        Subtotal                                                    $15.35
        Tax                                                          $0.54
        Total due                                                   $15.89

        Debit total                                                 $15.89
DEBIT ****xeex #x*2394
APPROVAL CODE 976715 SEQ #: 748281
AID A0000000980840
         Change                                                      $0.00
                 Winn-Dixie rewards (ending in 9453)

  rewards savings              Coupon savings            Total savings

         $3.69                       $0                     $3.69
                              Points summary*:

    Base earned               Bonus earned           Total balance


          8                          0                        12
                    Worth $0.12 in FREE groceries
              *May not include pending points activity

            Every 100 points = $1 in FREE groceries.
          Terms apply. See WinnDixie.com for details.

         Thank you for shopping your local Winn-Dixie!




                 Add items to shopping list
                  10/27/2025 at 8:36 PM
                        Store Manager: PAUL
                      Your Cashier: KIMBERLY




                44251027141200601020448012200000




                                             Reg               You Pay
       k&l Milk                              $5.29               $5.29 B
       SEG Fruit Punch                       $3.29               $3.29 B
Total number of items sold = 2
        Subtotal                                                 $8.58
        Tax                                                      $0.30
        Total due                                                $8.88


        Points used    (330)                                     $3.30

        Debit total                                              $5.58
DEBIT ****xeex #x*2394
APPROVAL CODE 108267 SEQ #: 60272
AID A0000000980840
        Change                                                   $0.00
                Winn-Dixie rewards   (ending in 9453)


  rewards savings          Coupon savings            Total savings

         $0                      $0                       $0
                          Points summary*:

    Base earned           Bonus earned           Total balance

          4                      0                         4
                   Worth $0.04 in FREE groceries
              *May not include pending points activity

           Every 100 points = $1 in FREE groceries
         Terms apply. See WinnDixie.com for details

        Thank you for shopping your local Winn-Dixie!




                Add items to shopping list
                   10/25/2025 at 11:01AM
                         Store Manager: PAUL
                       Your Cashier: STEPHANIE




                 44251025141200300893197003100000




                                               Reg            You Pay
        Chisesi Ham                            $5.30            $4.71 B
        0.59 lbs @ $7.99/lb
        You save    ($0.59)
        SEG Turkey                             $5.84               $5.84   B
        k&l Edamame                            $2.79               $1.67   B
        You save    ($1.12)
        k&l Green Beans                        $2.99               $1.67   B
        You save    ($1.32)
        kgél Winter Mix                        $2.29               $1.66   B
        You save    ($0.63)
        Sow Good Candy                         $5.99               $5.99   B
        OM BASICS TURKEY-A                     $2.99               $2.99   B
        Blue Bell IceCream                     $9.49               $9.49   B
        Fresh Meats                            $8.84               $7.07   B
        1.18 lbs @ $5.99/lb
        You save    ($1.77)
        Pillsbury Biscuits                     $2.99               $2.99 B
QTY 2   Banquet Sausage                        $6.38               $3.19 B
        You save    ($3.19)
        k&l Ricotta Cheese                     $3.39               $2.50   B
        You save    ($0.89)
        Coffee Mate Creamr                     $4.79               $3.79   B
        You save    ($1.00)
        SE Grocers Pasta                       $1.79               $1.25   B
        You save    ($0.54)
Total number of items sold = 15
        Subtotal                                               $54.81
        Tax                                                        $1.92
        Total due                                              $56.73

        Debit total                                            $56.73
DEBIT ****xeex #x*2394
APPROVAL CODE 406244 SEQ #: 39653
AID A0000000980840
        Change                                                     $0.00
                 Winn-Dixie rewards (ending in 9453)

  rewards savings             Coupon savings           Total savings

        $10.05                    $1.00                   $11.05


                 Add items to shopping list
                  10/24/2025 at 10:35 PM
                         Store Manager: PAUL
                     Your Cashier: ACM LANE_091




                 44251024141209100000091023900000




                                                  Reg               You Pay
        Pearl Millng Syrup                        $4.79               $4.79 B
        GM WEFL TST CRNC                          $5.69               $5.69 B
        SEG Sandwich Bread                        $2.79               $2.49 B
        You save    ($0.30)
        Peter Pan Pnt Bttr                        $9.89               $8.79   B
        You save    ($1.10)
        POWERADE 8PK                              $7.29               $7.29   B
QTY 2   Coca Cola Cola                           $29.98              $21.98   B
        You save    ($8.00)
Total number of items sold = 7
        Subtotal                                                     $51.03
        Tax                                                           $1.79
        Total due                                                    $52.82

         Visa total                                                  $52.82
VISA #48 ke     EH ION?
APPROVAL CODE 05553G SEQ #: 910036
AID A0000000031010
        Change                                                        $0.00

                 Winn-Dixie rewards (ending in 9453)

  rewards savings              Coupon savings             Total savings

         $9.40                       $0                      $9.40
                              Points summary*:

    Base earned               Bonus earned            Total balance


          26                         0                        114
                    Worth $1.14 in FREE groceries
           *May not include pending points activity

            Every 100 points = $1 in FREE groceries.
          Terms apply. See WinnDixie.com for details.

         Thank you for shopping your local Winn-Dixie!




                 Add items to shopping list
                     0/23/2025 at
                         Store Manager: PAUL
                         Your Cashier: SUSAN




                 44251023141200500916352009300000




                                                  Reg            You Pay
        Quaker Rice Crisps                        $3.69            $3.69 B
        SB TRPL SHOT RICH                         $3.99            $3.00 B
        You save    ($0.99)
QTY 2   Cheez-It Crackers                        $10.58               $6.00   B
        You save    ($4.58)
        Sparkling Ice Wtr                         $1.59               $1.25   B
        You save    ($0.34)
        Sparkling Ice Wtr                         $1.59               $1.25   B
        You save    ($0.34)
        Sparkling Ice Wtr                         $1.59               $1.25   B
        You save    ($0.34)
        Sparkling Ice Wtr                         $1.59               $1.25   B
        You save    ($0.34)
        Dr. Pepper Soda                          $14.99           $10.99      B
        You save ($4.00)
        Fanta Soda                                $9.99               $4.99   B
        You save ($5.00)
        Fanta Soda                                $9.99               $9.99   B
CPN     SCANNED COUPON ($1.00)
Total number of items sold = 11
         Subtotal                                                 $42.66
         Tax                                                       $1.53
         Total due                                                $44.19

         Points used (1,523)                                      $15.23

        Debit total                                               $28.96
DEBIT ****xeex #x*2394
APPROVAL CODE 103950 SEQ #: 5
AID A0000000980840
        Change                                                        $0.00

                 Winn-Dixie rewards (ending in 9453)

  rewards savings              Coupon savings             Total savings

        $15.93                     $1.00                     $16.93
                              Points summary*:

    Base earned               Bonus earned            Total balance




                 Add items to shopping list
                  10/21/2025 at 6:05 PM
                        Store Manager: PAUL
                        Your Cashier: EMILY




                44251021141200301019551005800000




                                                Reg            You Pay
       LITTLE DEBBIE FOOT                       $3.19            $3.00
       You save    ($0.19)
       DswW Turkey                              $6.37              $6.37
       Annie Chun's Bowl                        $4.69              $2.99
       You save    ($1.70)
       Kraft Mac & Cheese                       $1.99              $1.25
       You save    ($0.74)
       HC Cafe Steamers                         $3.79              $2.00
       You save    ($1.79)
       SEG Bagel Bites                          $2.79              $2.79
       HC Cafe Steamers                         $3.79              $2.00
       You save    ($1.79)
       Slim Jim Jerky                           $1.79              $1.00
       You save    ($0.79)
       SEG Alfredo Sauce                        $3.29              $2.50
       You save    ($0.79)
       k&l Pasta Sauce                          $1.99              $1.99
                                                                            Ce)




       smucker's Spread                         $3.99              $3.99
       smucker's Jelly                          $3.29              $3.29
       Lotus Cookie Buttr                       $6.59              $6.59
       k&l Milk                                 $5.29              $5.29
       SEG Slcd Mushrooms                       $2.69              $2.00
       You save    ($0.69)
QTY 3 Yellow Corn                               $4.50              $4.50
Total number of items sold = 18
        Subtotal                                                   $51.55
        Tax                                                         $1.80
        Total due                                                  $53.35

         Visa total                                                $53.35
VISA #4 eke HHH  HE IE
APPROVAL CODE 05844C SEQ #: 39371
AID A0000000031010
        Change                                                      $0.00
                Winn-Dixie rewards     (ending in 9453)


  rewards savings             Coupon savings            Total savings

        $8.48                       $0                     $8.48
                             Points summary*:

                Add items to shopping list
                         Store Manager: PAUL
                     Your Cashier: ACM LANE_091




                44251017141209100000091021900000




                                             Reg               You Pay
       Cocoa Krispies Crl                    $5.49               $5.49 B
Total number of items sold = 1
        Subtotal                                                 $5.49
        Tax                                                      $0.19
        Total due                                                $5.68

         Visa total                                              $5.68
VISA #48 ke     EH ION?
APPROVAL CODE 09147G SEQ #: 918717
AID A0000000031010
        Change                                                   $0.00

                Winn-Dixie rewards (ending in 9453)

  rewards savings          Coupon savings            Total savings

         $0                      $0                       $0
                          Points summary*:

    Base earned           Bonus earned            Total balance


         3                     0                       1,229
                  Worth $12.29 in FREE groceries
              *May not include pending points activity

           Every 100 points = $1 in FREE groceries.
         Terms apply. See WinnDixie.com for details.

        Thank you for shopping your local Winn-Dixie!




                Add items to shopping list
                         Store Manager: PAUL
                     Your Cashier: ACM LANE_091




                 44251017141209100000091021600000




                                                  Reg            You Pay
        Peter Pan Pnt Bttr                        $9.89            $8.79
        You save    ($1.10)
QTY 2   Coca Cola Cola                           $29.98              $21.98
        You save    ($8.00)
Total number of items sold = 3
        Subtotal                                                     $30.77
        Tax                                                           $1.08
        Total due                                                    $31.85

         Visa total                                                  $31.85
VISA #48 ke     EH ION?
APPROVAL CODE 05595G SEQ #: 918714
AID A0000000031010
        Change                                                        $0.00
                 Winn-Dixie rewards       (ending in 9453


  rewards savings              Coupon savings             Total savings

         $9.10                       $0                      $9.10
                              Points summary*:

    Base earned               Bonus earned            Total balance


         15                     0                  1,226
                   Worth $12.26 in FREE groceries
              *May not include pending points activity

            Every 100 points = $1 in FREE groceries
          Terms apply. See WinnDixie.com for details

         Thank you for shopping your local Winn-Dixie!




                 Add items to shopping list
                         Store Manager: PAUL
                     Your Cashier: ACM LANE_091




                 44251017141209100000091021500000




                                                  Reg            You Pay
QTY 2   Coca Cola Cola                           $29.98           $21.98 B
        You save    ($8.00)
       Hugbi Pies                                 $2.69              $2.69    B
Total number of items sold = 3
        Subtotal                                                     $24.67
        Tax                                                           $0.86
        Total due                                                    $25.53

         Visa total                                                  $25.53
VISA #48 ke     EH ION?
APPROVAL CODE 02613G SEQ #: 918713
AID A0000000031010
        Change                                                        $0.00

                 Winn-Dixie rewards (ending in 9453

  rewards savings              Coupon savings             Total savings

         $8.00                       $0                      $8.00
                              Points summary*:

    Base earned               Bonus earned            Total balance

         12                     84                 1,211
                   Worth $12.11 in FREE groceries
              *May not include pending points activity

            Every 100 points = $1 in FREE groceries
          Terms apply. See WinnDixie.com for details

         Thank you for shopping your local Winn-Dixie!




                 Add items to shopping list
                    10/14/2025 at 6:08 PM
                           Store Manager: PAUL
                          Your Cashier: JEREMY




                 44251014141200300578007006200000




                                                 Reg            You Pay
         BE SF SLT PEPPR BR                      $3.49            $2.50
         You save ($0.99)
         BE SF WINTER BLEND                      $3.59            $2.50
         You save ($1.09
         Crab Leg Surimi                         $8.18            $6.29
         0.63 lbs @ $9.99/lb
         You save ($1.89
QTY 2    Dole Shred Lettuce                      $6.98            $3.49
         You save ($3.49)
         SEG Seasoning Mix                       $0.99            $0.99
         SEG Bagel Bites                         $2.79            $2.79
         k&l Sweet Peas                          $1.39            $1.19
         You save ($0.20
         k&l Corn                                $1.19            $0.89
         You save ($0.30
         Kraft Mac & Cheese                      $1.99            $1.25
         You save ($0.74
wr       Jumbo Sweet Onions                      $0.86            $0.86
         0.54   lbs @ $1.59/lb
         SEG Turkey                              $5.89            $5.89
         Fresh Meats                             $7.56            $7.26
         1.01 lbs @ $7.19/1b
         You save   ($0.30)
         Top Round Steak                         $9.23            $8.46
         0.77 lbs @ $10.99/1b
         You save   ($0.77)
Total number of items sold = 14
        Subtotal                                                 $44.36
        Tax                                                       $1.55
        Total due                                                $45.91

          Visa total                                             $45.91
VISA #xRRERRREERRQIAG
APPROVAL CODE 484057 SEQ #:       38825
AID A0000000031010
        Change                                                    $0.00

                Winn-Dixie rewards        (ending in 9453)


     rewards savings          Coupon savings             Total savings


                 Add items to shopping list
                  10/14/2025 at 4:06 PM
                         Store Manager: PAUL
                     Your Cashier: ACM LANE_091




                44251014141209100000091012300000




                                                 Reg            You Pay
       Kleinpeter Milk                           $6.89               $6.89 B
       Coca Cola                                 $2.89               $2.89   B
       Dewafelbakkr Pneks                        $4.29               $3.79   B
       You save    ($0.50)
       SE Grocers Bread                          $2.79               $2.49   B
       You save    ($0.30)
       Coca Cola Cola                           $14.99           $14.99      B
CPN     SCANNED COUPON ($1.00)
Total number of items sold = 5
         Subtotal                                                $30.05
        Tax                                                          $1.09
        Total due                                                $31.14

         Visa total                                              $31.14
VISA #48 ke     EH ION?
APPROVAL CODE 06777G SEQ #: 918074
AID A0000000031010
        Change                                                       $0.00

                Winn-Dixie rewards (ending in 9453

  rewards savings             Coupon savings             Total savings

        $0.80                      $1.00                     $1.80
                             Points summary*:

    Base earned              Bonus earned              Total balance

         16                      0                   939
                   Worth $9.39 in FREE groceries
              *May not include pending points activity

           Every 100 points = $1 in FREE groceries
         Terms apply. See WinnDixie.com for details

        Thank you for shopping your local Winn-Dixie!




                Add items to shopping list
                  10/08/2025 at 8:50 PM
                         Store Manager: PAUL
                     Your Cashier: ACM LANE 092




                44251008141209200000092019200000




                                                 Reg               You Pay
       Coca Cola Cola                           $14.99              $13.99 B
       You save    ($1.00)
Total number of items sold = 1
        Subtotal                                                    $13.99
        Tax                                                          $0.49
        Total due                                                   $14.48

         Visa total                                                 $14.48
VISA #48 ke     EH ION?
APPROVAL CODE 00620G SEQ #: 923888
AID A0000000031010
        Change                                                       $0.00

                Winn-Dixie rewards (ending in 9453

  rewards savings             Coupon savings             Total savings

        $0                       $1.00                      $1.00
                             Points summary*:

    Base earned              Bonus earned            Total balance


         7                         0                         923
                   Worth $9.23 in FREE groceries
              *May not include pending points activity

           Every 100 points = $1 in FREE groceries
         Terms apply. See WinnDixie.com for details

        Thank you for shopping your local Winn-Dixie!




                Add items to shopping list
                        Store Manager: PAUL
                       Your Cashier: JEREMY




                44251007141200100578007005200000




                                                Reg               You Pay
       SEG Parchment Ppr                        $2.99               $2.49
       You save    ($0.50)
Total number of items sold = 1
        Subtotal                                                    $2.49
        Tax                                                         $0.24
        Total due                                                   $2.73

        Cash                                                        $3.00
        Change                                                      $0.27

                Winn-Dixie rewards (ending in 9453

  rewards savings             Coupon savings            Total savings

        $0.50                       $0                     $0.50
                             Points summary*:

    Base earned              Bonus earned           Total balance


         1                         0                        916
                   Worth $9.16 in FREE groceries
              *May not include pending points activity

           Every 100 points = $1 in FREE groceries
         Terms apply. See WinnDixie.com for details

        Thank you for shopping your local Winn-Dixie!




                Add items to shopping list
                        Store Manager: PAUL
                       Your Cashier: JEREMY




                44251007141200100578007005100000




                                                 Reg            You Pay
       Prairie Farm Milk                         $2.39            $2.39




                                                                             Ce)
       k&l Milk                                  $5.29            $5.29
       Cauliflower                               $3.99            $3.99
       SEG Sour Cream                            $1.49            $1.49
       Sliced Strwberries                        $2.00            $2.00
       McCormick Seasonng                        $3.49            $2.79
       You save    ($0.70)
       LITTLE DEBBIE FOOT                        $3.19              $3.00
       You save    ($0.19)
       know & love Cheese                        $3.19              $2.50
       You save    ($0.69)
       Chuck Steak                               $5.66              $5.39
       0.54    lbs @ $9.99/lb
       You save ($0.27)
       NB Chicken Thighs                        $11.74              $7.82
       1.96 lbs @ $3.99/lb
       You save ($3.92)
Total number of items sold =
        Subtotal                                                    $36.66
        Tax                                                          $1.28
        Total due                                                   $37.94

        Cash                                                        $40.00
        Change                                                       $2.06

                Winn-Dixie rewards (ending in 9453)

  rewards savings             Coupon savings             Total savings

        $5.77                       $0                      $5.77
                             Points summary*:

    Base earned              Bonus earned            Total balance


         18                        162                       915
                   Worth $9.15 in FREE groceries
              *May not include pending points activity

           Every 100 points = $1 in FREE groceries.
         Terms apply. See WinnDixie.com for details.


                Add items to shopping list
                  10/03/2025 at 6:41PM
                       Store Manager: PAUL
                       Your Cashier: EMILY




             44251003141200101019551009800000




                                           Reg         You Pay
       Fanta Soda                          $9.99         $5.99   B
       You save ($4.00)
       Fanta Soda                          $9.99         $5.99   B
       You save   ($4.00)
       CocaCola Soda                       $9.99         $5.99   B
       You save ($4.00)
       SE Grocers Foil                     $2.89         $2.89   T
       SE Grocers Pasta                    $1.79         $1.00   B
       You save   ($0.79)
       k&l Pasta Sauce                     $1.99         $1.99   B
       SpaghettiOs Pasta                   $1.69         $1.69   B
       Nutella Snack Pack                  $8.29         $5.99   B
       You save   ($2.30)
       D&W Cheese                          $6.65         $6.65   B
       DswW Turkey                        $13.25         $7.13   B
       1.02 lbs @ $6.99/lb
       You save   ($6.12)
       Pork Shoulder                       $9.35         $9.35   B
       Pork Shoulder                       $8.57         $0.00   B
       You save   ($8.57)
       SE Grocers Bread                    $2.79         $2.49   B
       You save   ($0.30)
       Cilantro                            $0.99         $0.99   B
wr     Asparagus                           $4.54         $3.63   B
       0.91 lbs @ $3.99/lb
       You save   ($0.91)
       Peter Pan Crnch Pe                  $7.29         $6.49   B
       You save   ($0.80)
Total number of items sold = 16
        Subtotal                                        $68.26
        Tax                                              $2.57
        Total due                                       $70.83

        Debit total                                     $70.83
DEBIT ****xeex #x*2394
APPROVAL CODE 209362 SEQ #: 13729
AID A0000000980840
        Change                                           $0.00
             Winn-Dixie rewards     (ending in 9453)




             Add items to shopping list
                  09/30/2025 at 7:56 PM
                        Store Manager: PAUL
                     Your Cashier: ACM LANE_74




                44250930141207400000074013900000




                                                Reg               You Pay
       SEG Ice Cream                            $4.99               $3.99 B
       You save    ($1.00)
       kgl Sugar                                $2.89              $2.89 B
       k&l Milk                                 $5.29              $5.29    B
Total number of items sold = 3
        Subtotal                                                   $12.17
        Tax                                                         $0.43
        Total due                                                  $12.60

        Points used    (997)                                        $9.97


         Visa total                                                 $2.63
VISA #4 eke HHH  HE IE
APPROVAL CODE 08510C SEQ #: 743233
AID A0000000031010
        Change                                                      $0.00
                Winn-Dixie rewards (ending in 9453)

  rewards savings             Coupon savings            Total savings

        $1.00                       $0                     $1.00
                             Points summary*:

    Base earned              Bonus earned           Total balance


         6                         18                        24
                   Worth $0.24 in FREE groceries
              *May not include pending points activity

           Every 100 points = $1 in FREE groceries.
         Terms apply. See WinnDixie.com for details.

        Thank you for shopping your local Winn-Dixie!




                Add items to shopping list
                  09/28/2025 at 5:02 PM
                         Your Cashier:   AMY




                44250928141200301020878002600000




                                               Reg     You Pay
       SE Grocers Bread                        $2.79     $2.79   B
       D&W Salami                              $2.74     $2.74   B
       Butterball Turkey                       $6.20     $6.20   B
       Top Round Steak                         $5.87     $5.59   B
       0.56 lbs @ $9.99/lb
       You save    ($0.28)
       Celery                                  $2.99     $1.99 B
       You save    ($1.00)
wr     Zucchini Squash                         $3.87     $3.87   B
       1.34 lbs @ $2.89/lb
       BE SF BRUSSEL SPRT                      $3.59     $2.99   B
       You save    ($0.60)
wr     Jumbo Sweet Onions                      $0.84     $0.84   B
       0.53 lbs @ $1.59/lb
       BE MSH CAUL GAR                         $4.49     $4.49   B
       kgél Corn                               $1.19     $0.89   B
       You save    ($0.30)
       Swan Ckn Spey Brot                      $3.19     $0.00   B
       You save    ($3.19)
       Swanson Broth                           $3.19     $3.19   B
       Kraft Mac & Cheese                      $1.99     $1.25   B
       You save    ($0.74)
       Sparkling Ice Wtr                       $1.29     $1.00   B
       You save    ($0.29)
       SpaghettiOs Pasta                       $1.69     $1.69   B
       smucker's Spread                        $3.99     $3.00 B
       You save    ($0.99)
       Chobani Creamer                         $6.29     $5.49   B
       You save    ($0.80)
       MRCL LQ AB LEMON                        $4.79     $3.99   T
       You save    ($0.80)
       Dannon Yogurt                           $4.99     $4.99   B
       Oikos Yogurt                            $1.79     $1.79   B
       Oikos Yogurt                            $1.99     $1.99   B
Total number of items sold = 21
        Subtotal                                        $60.77
        Tax                                              $2.38
        Total due                                       $63.15

       Debit total                                      $63.15
DEBIT ****#
          eee xHHIIO4


                Add items to shopping list
                   09/24/2025 at 8:09 PM
                         Store Manager: PAUL
                     Your Cashier: ACM LANE_091




                 44250924141209100000091022700000




                                                  Reg            You Pay
QTY 2   Coca Cola Cola                           $29.98           $21.98 B
        You save    ($8.00)
CPN     SCANNED COUPON ($1.00)
CPN     SCANNED COUPON ($1.00)
Total number of items sold = 2
         Subtotal                                                   $19.98
         Tax                                                         $0.77
         Total due                                                  $20.75

         Visa total                                                 $20.75
VISA #48 ke     EH ION?
APPROVAL CODE 07471G SEQ #: 914412
AID A0000000031010
        Change                                                        $0.00

                 Winn-Dixie rewards (ending in 9453

  rewards savings              Coupon savings             Total savings

        $8.00                      $2.00                     $10.00
                              Points summary*:

    Base earned               Bonus earned            Total balance


          11                         0                        615
                    Worth $6.15 in FREE groceries
               *May not include pending points activity

            Every 100 points = $1 in FREE groceries
          Terms apply. See WinnDixie.com for details

         Thank you for shopping your local Winn-Dixie!




                 Add items to shopping list
                   09/24/2025 at 8:09 PM
                         Store Manager: PAUL
                     Your Cashier: ACM LANE_091




                 44250924141209100000091022700000




                                                  Reg            You Pay
QTY 2   Coca Cola Cola                           $29.98             $21.98
        You save    ($8.00)
CPN     SCANNED COUPON ($1.00
CPN     SCANNED COUPON ($1.00)
Total number of items sold = 2
         Subtotal                                                   $19.98
         Tax                                                         $0.77
         Total due                                                  $20.75

         Visa total                                                 $20.75
VISA #48 ke     EH ION?
APPROVAL CODE 07471G SEQ #: 914412
AID A0000000031010
        Change                                                        $0.00

                 Winn-Dixie rewards (ending in 9453

  rewards savings              Coupon savings             Total savings

        $8.00                      $2.00                     $10.00
                              Points summary*:

    Base earned               Bonus earned              Total balance


          11                         0                        615
                    Worth $6.15 in FREE groceries
               *May not include pending points activity

            Every 100 points = $1 in FREE groceries
          Terms apply. See WinnDixie.com for details

         Thank you for shopping your local Winn-Dixie!




                 Add items to shopping list
                    09/21/2025 at 3:11PM
                         Store Manager: PAUL
                       Your Cashier: KIMBERLY




              44250921141200401020448000500000




                                          Reg     You Pay
QTY 2   Oikos 3X Lemon Tar                $3.58     $3.58 B
QTY 2   Oikos Yogurt                      $3.98    $3.98   B
        Sparkling Ice Wtr                 $1.29    $1.00   B
        You save    ($0.29)
        Sparkling Ice Wtr                 $1.29    $1.00   B
        You save    ($0.29)
        SE Grocers Bread                  $2.79    $2.49   B
        You save ($0.30)
        Watermelon Chunks                 $2.00    $2.00   B
        Blueberries                       $4.99    $3.50   B
        You save    ($1.49)
        Mixed Grapes                      $3.00    $3.00 B
        Green Bell Pepper                 $0.99    $0.89 B
        You save    ($0.10)
QTY 2   Cilantro                          $1.98    $1.98   B
        Produce Cucumbers                 $0.99    $0.89   B
        You save    ($0.10)
        SEG Turkey                        $5.00    $5.00   B
wr      Tomatoes                          $1.84    $1.32   B
        0.74 lbs @ $1.79/1b
        You save    ($0.52)
        smucker's Spread                  $3.99    $3.99 B
        Pearl Millng Syrup                $4.79    $3.00   B
        You save    ($1.7
        Yellow Squash                     $3.00    $3.00 B
        Dole Shred Lettuce                $3.49    $3.49   B
        kgél Corn                         $1.19    $0.89   B
        You save    ($0.30)
        k&l Milk                          $5.29    $5.29   B
        Arm & Hammer Dtgnt               $11.99    $6.99   T
        You save    ($5.00)
        Kinder Joy Treat                  $2.79    $2.79   B
        Fanta Soda                        $9.99    $5.99   B
        You save    ($4.00)
        DR PEPPER 12PK                    $9.99    $5.99   B
        You save ($4.00)
        Fanta Soda                        $9.99    $5.99   B
        You save    ($4.00)
CPN     SCANNED COUPON ($1.00
Total number of items sold = 27
         Subtotal


              Add items to shopping list
                   09/08/2025 at 5:47 PM
                        Store Manager: PAUL
                       Your Cashier: JEREMY




              44250908141200400578007014800000




                                           Reg         You Pay
        Dr. Pepper 12pk                    $9.99         $5.99 B
        You save   ($4.00)
        Minute Maid Lmnade                 $9.99         $5.99   B
        You save ($4.00)
        Fanta Soda                         $9.99         $5.99   B
        You save   ($4.00)
        SEG Turkey                         $6.24         $6.24   B
        D&W Cheese                         $4.29         $4.29   B
        k&l Edamame                        $2.79         $1.67   B
        You save   ($1.12)
QTY 2   SE Grocers Cheese                  $6.98         $5.00   B
        You save   ($1.98)
        HC Cafe Steamers                   $3.79         $2.99   B
        You save   ($0.80)
        Dewafelbakkr Pneks                 $4.29         $4.29   B
        SpaghettiOs Pasta                  $1.69         $1.69   B
        SE Grocers Broth                   $1.59         $1.59   B
        Sparkling Ice Wtr                  $1.29         $1.00   B
        You save   ($0.29)
        Andes Snap Bar                     $1.99         $1.99   B
        Lght 'n Flffy Ndle                 $2.99         $2.99   B
        Kool Aid Drinks                    $2.49         $2.49   B
        USDA Chce Stw Meat                 $9.65         $6.43   B
        0.92 lbs @ $6.99/lb
        You save   ($3.22)
        SE Grocers Bread                   $2.79         $2.49   B
        You save   ($0.30)
       Eggland's Best Egg                  $5.79         $5.79   B
Total number of items sold = 19
        Subtotal                                        $68.91
        Tax                                              $2.41
        Total due                                       $71.32

        Debit total                                     $71.32
DEBIT ****xeex #x*2394
APPROVAL CODE 517492 SEQ #: 40056
AID A0000000980840
         Change                                          $0.00
              Winn-Dixie rewards    (ending in 9453)



              Add items to shopping list
                  09/06/2025 at 7:41PM
                        Store Manager: PAUL
                         Your Cashier:




                44250906141200501020878010000000




                                                Reg               You Pay
       Romaine Hearts                           $4.79               $4.79 B
       M&M's Candies                            $1.99               $1.99 B
       Mentos Mint                              $1.69               $1.50 B
       You save    ($0.19)
       Green Bell Pepper                        $0.99              $0.89 B
       You save ($0.10)
       Produce Cucumbers                        $0.99              $0.99    B
       Reese's Candy                            $1.79              $1.79    B
       Mix Melon Chunks                         $3.00              $3.00    B
Total number of items sold = 7
        Subtotal                                                   $14.95
        Tax                                                         $0.52
        Total due                                                  $15.47

        Debit total                                                $15.47
DEBIT ****xeex #x*2394
APPROVAL CODE 935029 SEQ #: 57463
AID A0000000980840
        Change                                                      $0.00

                Winn-Dixie rewards (ending in 9453

  rewards savings             Coupon savings            Total savings

        $0.29                       $0                     $0.29
                             Points summary*:

    Base earned              Bonus earned           Total balance


         7                         35                        80
                   Worth $0.80 in FREE groceries
              *May not include pending points activity

           Every 100 points = $1 in FREE groceries
         Terms apply. See WinnDixie.com for details

        Thank you for shopping your local Winn-Dixie!




                Add items to shopping list
                  09/04/2025 at 9:09 PM
                         Store Manager: PAUL
                     Your Cashier: ACM LANE_091




                44250904141209100000091022600000




                                             Reg               You Pay
       CC Oil Spread                         $7.99               $7.99




                                                                         Deo eo
       Pearl Millng Syrup                    $4.79               $4.79
       AXE BERGAMOT BODY                     $8.29               $8.29
       Good2Grow 100% Jce                    $3.59               $3.59
QTY 2 Lipton Soup Mix                        $4.98               $4.98
       k&l Milk                              $5.29               $5.29
Total number of items sold = 7
        Subtotal                                                $34.93
        Tax                                                      $1.73
        Total due                                               $36.66


         Visa total                                             $36.66
VISA #48 ke     EH ION?
APPROVAL CODE 07553G SEQ #: 910543
AID A0000000031010
        Change                                                   $0.00
                Winn-Dixie rewards   (ending in 9453)


  rewards savings          Coupon savings            Total savings

         $0                      $0                       $0
                          Points summary*:

    Base earned           Bonus earned            Total balance

         17                      0                        38
                   Worth $0.38 in FREE groceries
              *May not include pending points activity

           Every 100 points = $1 in FREE groceries
         Terms apply. See WinnDixie.com for details

        Thank you for shopping your local Winn-Dixie!




                Add items to shopping list
                  09/03/2025 at 6:52 PM
                        Store Manager: PAUL
                       Your Cashier: JEREMY




                44250903141200400578007006400000




                                                Reg               You Pay
       SEG IC Sandwich                          $5.99               $3.99 B
       You save    ($2.00)
       Success Rice                             $2.79              $2.79    B
       Blue Runner Beans                        $2.39              $2.39    B
       k&l Canned Beans                         $1.29              $0.99    B
       You save    ($0.30)
Total number of items sold = 4
        Subtotal                                                   $10.16
        Tax                                                         $0.36
        Total due                                                  $10.52

        Debit total                                                $10.52
DEBIT ****xeex #x*2394
APPROVAL CODE 796449 SEQ #: 49686
AID A0000000980840
        Change                                                      $0.00

                Winn-Dixie rewards (ending in 9453)

  rewards savings             Coupon savings            Total savings

        $2.30                       $0                     $2.30
                             Points summary*:

    Base earned              Bonus earned           Total balance


         5                          0                        21
                   Worth $0.21 in FREE groceries
              *May not include pending points activity

           Every 100 points = $1 in FREE groceries.
         Terms apply. See WinnDixie.com for details.

        Thank you for shopping your local Winn-Dixie!




                Add items to shopping list
                  09/02/2025 at 7:04 PM
                         Store Manager: PAUL
                     Your Cashier: ACM LANE 092




                44250902141209200000092017300000




                                                Reg            You Pay
       Kool Aid Drinks                          $2.49            $2.00
       You save    ($0.49)
       MILK STRW                                $2.49              $2.49
       Coffee Mate Creamr                       $4.99              $3.50
       You save    ($1.49)
Total number of items sold = 3
        Subtotal                                                   $7.99
        Tax                                                        $0.43
        Total due                                                  $8.42

        Points used    (583)                                       $5.83


        Debit total                                                $2.59
DEBIT ****xeex #x*2394
APPROVAL CODE 920216 SEQ #: 928203
AID A0000000980840
        Change                                                     $0.00

                Winn-Dixie rewards     (ending in 9453)


  rewards savings             Coupon savings            Total savings

        $1.98                       $0                     $1.98
                             Points summary*:

    Base earned              Bonus earned           Total balance

         4                       12                   16
                   Worth $0.16 in FREE groceries
              *May not include pending points activity

           Every 100 points = $1 in FREE groceries
         Terms apply. See WinnDixie.com for details

        Thank you for shopping your local Winn-Dixie!




                Add items to shopping list
                    09/01/2025 at 4:30 PM
                          Store Manager: PAUL
                        Your Cashier: KIMBERLY




                  44250901141200601020448008800000




                                                  Reg            You Pay
         Chisesi Ham                              $5.44            $5.44 B
         Watermelon Slices                        $2.50            $2.50 B
         Cilantro                                 $0.99              $0.99    B
         Green Bell Pepper                        $0.99              $0.89 B
         You save    ($0.10
wr       Tomatoes                                 $0.57              $0.41    B
         0.23 lbs @ $1.79/1b
         You save    ($0.16)
Total number of items sold = 5
        Subtotal                                                     $10.23
          Tax                                                         $0.36
          Total due                                                  $10.59

        Debit total                                                  $10.59
DEBIT ****xeex #x*2394
APPROVAL CODE 801376 SEQ #: 65952
AID A0000000980840
          Change                                                      $0.00
                  Winn-Dixie rewards (ending in 9453)

     rewards savings            Coupon savings            Total savings

          $0.26                       $0                     $0.26
                               Points summary*:

      Base earned              Bonus earned           Total balance


           5                         15                       583
                     Worth $5.83 in FREE groceries
                *May not include pending points activity

             Every 100 points = $1 in FREE groceries.
           Terms apply. See WinnDixie.com for details.

          Thank you for shopping your local Winn-Dixie!




                  Add items to shopping list
                   08/31/2025 at 9:53 PM
                         Store Manager: PAUL
                      Your Cashier: ACM LANE_73




                 44250831141207300000073022600000




                                                  Reg            You Pay
        POWERADE 8PK                              $7.19            $7.19      B
        k&l Milk                                  $3.49            $3.49      B
        Bagel Bites Chs &                         $5.99            $5.99      B
        Dewafelbakkr Pneks                        $4.29            $4.29      B
        SEG Breadsticks                           $3.79            $3.79      B
QTY 2   Coca Cola Cola                           $29.98           $21.98      B
        You save    ($8.00)
Total number of items sold = 7
        Subtotal                                                     $46.73
        Tax                                                           $1.64
        Total due                                                    $48.37

         Visa total                                                  $48.37
VISA #48 ke     EH ION?
APPROVAL CODE 09539G SEQ #: 734019
AID A0000000031010
        Change                                                        $0.00

                 Winn-Dixie rewards (ending in 9453

  rewards savings              Coupon savings             Total savings

         $8.00                       $0                      $8.00
                              Points summary*:

    Base earned               Bonus earned            Total balance


          23                         0                        563
                Worth $5.63 in FREE groceries
           *May not include pending points activity

            Every 100 points = $1 in FREE groceries
          Terms apply. See WinnDixie.com for details

         Thank you for shopping your local Winn-Dixie!




                 Add items to shopping list
                  08/30/2025 at 12:55 PM
                       8601 JEFFERSON HIGHWAY,
                              RIVER RIDGE,
                                   LA
                        Store   (504)    738-2682
                   08/30/25   12:55pm      1404    006    69
                       Store Manager:      STEPHEN
                          Your Cashier:     DAWN




               44250830140400600996595006900000




                                                  Reg          You Pay
MR      SUSHI SHELF ITEM                          $5.99          $5.99 B
wr      Apples                                    $2.19          $2.19 B
        0.88 lbs @ $2.49/lb
        Mixed Grapes                              $3.00         $3.00 B
        Twix Cookie Bars                          $1.99         $1.99    B
        Hubba Bubba Gum                           $0.99         $0.99    B
        Nutella Spread                            $2.79         $2.79    B
        Strbucks Frppecino                        $3.99         $3.00 B
        You save    ($0.99)
QTY 2   Armour Meatballs                      $11.98            $5.99    B
        You save    ($5.99)
        Folgers Coffee                        $10.49           $10.49    B
        Nissin SF F Kor ch                     $1.49            $1.49    B
        Nissin SF Hon Chkn                     $1.49            $1.49    B
        Blue Runner Beans                         $2.39         $2.39    B
        k&l Diced Tomatoes                        $1.29         $0.99    B
        You save ($0.30)
        Bush's Best Beans                         $2.39         $2.39    B
        SEG Pasta Sauce                           $1.99         $1.69    B
        You save    ($0.30)
        4 Star Roast Beef                         $7.97         $7.97    B
        Chisesi Ham                               $5.12         $5.12    B
        Sausage                                   $6.09         $6.09 B
        SF Chicken Thighs                         $6.85         $6.16    B
        2.29 lbs @ $2.69/lb
        You save    ($0.69)
Total number of items sold = 19
        Subtotal                                                $72.21
         Tax                                                     $2.90
         Total due                                              $75.11

       Debit total                                              $95.11
DEBIT ****#
          eee xHHIIO4
APPROVAL CODE 952898 SEQ #:      67749
AID A0000000980840



               Add items to shopping list
                   08/29/2025 at 6:06 PM
                     Your cach lene“nce LANE_091




                 44250829141209100000091017900000




                                                  Reg               You Pay
QTY 2   Hugbi Pies                                $5.38               $5.38
        SE Grocers Bread                          $2.79               $2.49




                                                                              w
        You save    ($0.30)
        Cupcakes 6ct                              $4.99               $3.99
        1 lbs @ $3.99/1b
        You save    ($1.00)
        Nutella Spread                            $4.89               $4.89
        Pwrde Sports Drink                        $7.19               $7.19
        Fanta Soda                                $9.99               $5.99
        You save    ($4.00)
QTY 2   Coca Cola Cola                           $29.98              $21.98
        You save    ($8.00)
        Dr. Pepper Soda                          $14.99              $14.99
QTY 6   CocaCola Soda                            $59.94              $35.94
        You save    ($24.00)
       Tic Tac Mints                              $4.99               $4.99
Total number of items sold = 17
        Subtotal                                                    $107.83
        Tax                                                           $3.77
        Total due                                                   $111.60

         Visa total                                                 $111.60
VISA #48 ke     EH ION?
APPROVAL CODE 08105G SEQ #: 919362
AID A0000000031010
        Change                                                        $0.00

                 Winn-Dixie rewards (ending in 9453

  rewards savings              Coupon savings             Total savings

        $37.30                       $0                     $37.30
                              Points summary*:

    Base earned               Bonus earned            Total balance


          54                         0                        324
                    Worth $3.24 in FREE groceries
               *May not include pending points activity

           Every 100 points = $1 in FREE groceries

                 Add items to shopping list
                   08/29/2025 at 6:06 PM
                          Store Manager: PAUL
                      Your Cashier: ACM LANE_091




                 44250829141209100000091017900000




                                                  Reg               You Pay
QTY 2   Hugbi Pies                                $5.38               $5.38 B
        SE Grocers Bread                          $2.79               $2.49 B
        You save    ($0.30)
        Cupcakes 6ct                              $4.99              $3.99 B
        1 lbs @ $3.99/1b
        You save    ($1.00)
        Nutella Spread                            $4.89              $4.89    B
        Pwrde Sports Drink                        $7.19              $7.19    B
        Fanta Soda                                $9.99              $5.99    B
        You save    ($4.00)
QTY 2   Coca Cola Cola                           $29.98             $21.98    B
        You save    ($8.00)
        Dr. Pepper Soda                          $14.99             $14.99    B
QTY 6   CocaCola Soda                            $59.94             $35.94    B
        You save    ($24.00)
       Tic Tac Mints                              $4.99              $4.99    B
Total number of items sold = 17
        Subtotal                                                    $107.83
        Tax                                                           $3.77
        Total due                                                   $111.60

         Visa total                                                 $111.60
VISA #48 ke     EH ION?
APPROVAL CODE 08105G SEQ #: 919362
AID A0000000031010
        Change                                                        $0.00

                 Winn-Dixie rewards (ending in 9453

  rewards savings              Coupon savings             Total savings

        $37.30                       $0                     $37.30
                              Points summary*:

    Base earned               Bonus earned            Total balance

          54                         0                        324
                    Worth $3.24 in FREE groceries
               *May not include pending points activity

               Every 100 points = $1 in FREE groceries

                 Add items to shopping list
                   08/25/2025 at 7:11PM
                        Store Manager: PAUL
                      Your Cashier: KIMBERLY




               44250825141200601020448010000000




                                         Reg      You Pay
        Arm & Hammer Dtgnt              $11.99     $11.99 T
        k&l Milk                         $5.29      $5.29 B
        Revlon Hair Color                $6.99     $6.99    T
        SEG FRSHSCT SHEETS               $2.19     $1.50    T
        You save   ($0.69)
        Dial Bar Soap                    $3.99     $3.99 7
        D&W Cheese                       $5.33     $5.33    B
        SEG Turkey                       $5.39     $3.77    B
        0.54 lbs @ $6.99/lb
        You save   ($1.62
        SV SHOWER FRESH DE               $3.79     $3.79    T
        Chicken Nuggets                  $8.49     $7.99    B
        You save   ($0.50)
        Chobani Yogurt                   $1.69     $1.69    B
        Nutella Spread                   $2.79     $2.79    B
        Chobani Yogurt                   $1.69     $1.69    B
        Chobani Yogurt                   $1.69     $1.69    B
QTY 2   Slim Jim Jerky                   $3.58     $2.00    B
        You save   ($1.5
        SE Grocers Bread                 $2.79     $2.49    B
        You save   ($0.30)
        know & love Pasta                $2.79     $1.39    B
        You save   ($1.40)
        Deans French Onion               $2.49     $2.49    B
        SBUX ICED ENERGY                 $3.29     $3.29    B
        Nissin SF F Kor ch               $1.49     $1.49    B
        k&l Broccoli                     $2.29     $1.79    B
        You save   ($0.50)
        k&l Green Beans                  $2.69     $1.79    B
        You save   ($0.90)
        k&l Edamame                      $2.79     $1.79    B
        You save   ($1.00)
        Sabra Hummus                     $4.99     $4.99    B
        Bnls Chkn Breasts               $16.57     $8.27    B
        3.32 lbs @ $2.49/lb
        You save   ($8.30)
Total number of items sold = 25
        Subtotal                                   $90.28
         Tax                                        $4.92
         Total due                                 $95.20


               Add items to shopping list
                  08/21/2025 at 7:18 PM
                        Store Manager: PAUL
                     Your Cashier: ACM LANE_73




                44250821141207300000073014000000




                                                 Reg               You Pay
       Tidy Cats Litter                         $10.29               $8.99   T
       You save    ($1.30)
       k&l Milk                                  $3.49               $3.49   B
       Nutella Spread                            $2.79               $2.79   B
       HC Cafe Steamers                          $3.79               $3.79   B
       Edwards Pies                              $4.29               $0.00   B
       You save    ($4.29)
       Edwards Pies                              $4.29               $4.29   B
       SEG Bagel Bites                           $2.79               $2.79   B
       smucker's Uncrstbl                        $4.79               $4.79   B
       SEG Bagel Bites                           $2.79               $2.79   B
Total number of items sold = 9
        Subtotal                                                    $33.72
        Tax                                                          $1.75
        Total due                                                   $35.47

        Debit total                                                 $35.47
DEBIT ****xeex #x*2394
APPROVAL CODE 306967 SEQ #: 731892
AID A0000000980840
        Change                                                       $0.00

                Winn-Dixie rewards (ending in 9453)

  rewards savings             Coupon savings             Total savings

        $5.59                       $0                      $5.59
                             Points summary*:

    Base earned              Bonus earned              Total balance


         17                         0                        264
                   Worth $2.64 in FREE groceries
              *May not include pending points activity

           Every 100 points = $1 in FREE groceries.
         Terms apply. See WinnDixie.com for details.

        Thank you for shopping your local Winn-Dixie!



                Add items to shopping list
                   08/17/2025 at 5:56 PM
                          Store Manager: PAUL
                        Your Cashier: KIMBERLY




                 44250817141200601020448014800000




                                                 Reg            You Pay
        k&l Milk                                 $3.49            $3.49 B
        On The Border Chip                       $4.29            $3.99 B
        You save    ($0.30)
        SEG Picante Sauce                        $2.99              $2.99 B
        SpaghettiOs Pasta                        $1.69              $1.25 B
        You save    ($0.44)
QTY 2   Kraft Cheese                             $9.38              $6.00 B
        You save    ($3.38)
        HC Cafe Steamers                         $3.79              $2.99 B
        You save    ($0.80)
        SE Grocers Buns                          $2.49              $1.99 B
        You save    ($0.50)
        Pork Chops                               $8.57              $6.42 B
        1.43 lbs @ $4.49/lb
        You save ($2.15)
        Fresh Meats                              $8.76              $8.18    B
        1.17 lbs @ $6.99/lb
        You save ($0.58)
Total number of items sold = 10
         Subtotal                                                   $37.30
         Tax                                                         $1.31
         Total due                                                  $38.61

         Debit total                                                $38.61
DEBIT *#*+ 4x eKHHREI304
APPROVAL CODE 417170 SEQ #:        64475
AID A0000000980840
        Change                                                       $0.00

                 Winn-Dixie rewards (ending in 9453)

  rewards savings              Coupon savings            Total savings

         $8.15                       $0                     $8.15
                              Points summary*:

    Base earned               Bonus earned           Total balance


          19                      95                  247
                    Worth $2.47 in FREE groceries
               *May not include pending points activity

                 Add items to shopping list
                  08/17/2025 at 12:36 PM
                         Store Manager: PAUL
                       Your Cashier: KIMBERLY




                44250817141200601020448001600000




                                             Reg               You Pay
       Krustz Pancake Mix                    $3.49               $3.49
Total number of items sold = 1
        Subtotal                                                 $3.49
        Tax                                                      $0.12
        Total due                                                $3.61

        Debit total                                              $3.61
DEBIT ****xeex #x*2394
APPROVAL CODE 927835 SEQ #: 64381
AID A0000000980840
        Change                                                   $0.00
                Winn-Dixie rewards   (ending in 9453


  rewards savings          Coupon savings            Total savings

         $0                      $0                       $0
                          Points summary*:

    Base earned           Bonus earned           Total balance


         2                       0                   133
                   Worth $1.33 in FREE groceries
              *May not include pending points activity

           Every 100 points = $1 in FREE groceries
         Terms apply. See WinnDixie.com for details

        Thank you for shopping your local Winn-Dixie!




                Add items to shopping list
                   08/14/2025 at 3:33 PM
                         Store Manager: PAUL
                        Your Cashier: KHALESE




                 44250814141200600937277010100000




                                                 Reg            You Pay
        Nutella Spread                           $2.79            $2.00 B
        You save    ($0.79)
        k&l Milk                                 $3.49               $3.49   B
        SARGENTO CHEESE                          $5.99               $3.34   B
        You save    ($2.65)
        SEG Croutons                             $1.99               $1.99   B
        Kraft Cheese                             $4.69               $3.00   B
        You save    ($1.69)
        SEG Eraser Pads                          $1.99               $1.99   T
        Topeare Liquid R1f                       $8.29               $8.29   T
        SEG Turkey                               $6.39               $6.39 B
        BHF Carrots                              $2.69               $2.69   B
QTY 2   Dole Shred Lettuce                       $6.98               $3.49   B
        You save    ($3.49)
        Mission Tortillas                        $4.29               $4.29   B
        Sunny Meadows Eggs                       $3.89               $3.89 B
        SE Grocers Bread                         $2.79               $2.79   B
        Fanta Soda                               $9.99               $4.99   B
        You save ($5.00)
        Minute Maid Lmnade                       $9.99               $9.99   B
CPN     SCANNED COUPON ($1.00)
Total number of items sold = 16
         Subtotal                                                $61.62
         Tax                                                         $2.83
         Total due                                               $64.45

         Points used    (822)                                        $8.22


        Debit total                                              $56.23
DEBIT ****xeex #x*2394
APPROVAL CODE 107655 SEQ #: 64121
AID A0000000980840
         Change                                                      $0.00
                 Winn-Dixie rewards (ending in 9453)

  rewards savings              Coupon savings            Total savings

        $13.62                      $1.00                   $14.62
                              Points summary*:


                 Add items to shopping list
                  08/12/2025 at 12:12PM
                        Store Manager: PAUL
                     Your Cashier: ACM LANE_74




                44250812141207400000074002700000




                                             Reg               You Pay
       Coca Cola Cola                       $14.99              $14.99 B
Total number of items sold = 1
        Subtotal                                                $14.99
        Tax                                                      $0.52
        Total due                                               $15.51

         Visa total                                             $15.51
VISA #48 ke     EH ION?
APPROVAL CODE 06698G SEQ #: 744713
AID A0000000031010
        Change                                                   $0.00
                Winn-Dixie rewards (ending in 9453)

  rewards savings         Coupon savings             Total savings

         $0                     $0                        $0
                         Points summary*:

    Base earned          Bonus earned            Total balance


         7                      0                        822
                   Worth $8.22 in FREE groceries
              *May not include pending points activity

           Every 100 points = $1 in FREE groceries.
         Terms apply. See WinnDixie.com for details.

        Thank you for shopping your local Winn-Dixie!




                Add items to shopping list
                  08/11/2025 at 5:56 PM
                        Store Manager: PAUL
                         Your Cashier:




                44250811141200201020878005900000




                                                Reg               You Pay
       Chek Root Beer                           $2.49               $1.50 B
       You save    ($0.99)
       Chek Soda                                $2.49              $1.50    B
       You save    ($0.99)
       DIGIORNO PIZZA                           $6.99              $6.99    B
Total number of items sold = 3
        Subtotal                                                    $9.99
        Tax                                                         $0.35
        Total due                                                  $10.34

        Debit total                                                $10.34
DEBIT **** xe ee #x#9BI9
APPROVAL CODE 279512 SEQ #: 22469
AID A0000000980840
        Change                                                      $0.00
                Winn-Dixie rewards (ending in 9453

  rewards savings             Coupon savings            Total savings

        $1.98                       $0                     $1.98
                             Points summary*:

    Base earned              Bonus earned           Total balance


         5                         25                        30
                   Worth $0.30 in FREE groceries
              *May not include pending points activity

           Every 100 points = $1 in FREE groceries
         Terms apply. See WinnDixie.com for details

        Thank you for shopping your local Winn-Dixie!




                Add items to shopping list
                  08/11/2025 at 5:56 PM
                        Store Manager: PAUL
                         Your Cashier:




                44250811141200201020878005800000




                                                Reg            You Pay
       Annie Chun's Bowl                        $4.79            $4.79 B
       Lotus Cookie Buttr                       $6.59            $5.89 B
       You save    ($0.70)
Total number of items sold = 2
        Subtotal                                                   $10.68
        Tax                                                         $0.37
        Total due                                                  $11.05

        Debit total                                                $11.05
DEBIT ****xeex #x*2394
APPROVAL CODE 432989 SEQ #: 22468
AID A0000000980840
        Change                                                      $0.00

                Winn-Dixie rewards (ending in 9453

  rewards savings             Coupon savings            Total savings

        $0.70                       $0                     $0.70
                             Points summary*:

    Base earned              Bonus earned           Total balance


         5                         15                       785
                   Worth $7.85 in FREE groceries
              *May not include pending points activity

           Every 100 points = $1 in FREE groceries
         Terms apply. See WinnDixie.com for details

        Thank you for shopping your local Winn-Dixie!




                Add items to shopping list
                  08/11/2025 at 5:08 PM
                        Store Manager: PAUL
                     Your Cashier: ACM LANE_73




                44250811141207300000073013200000




                                                Reg            You Pay
      HALLMARK ITEM                             $5.59            $5.59 T
      MAGAZINE                                  $9.99            $9.99 T
      Whoppers Candy                            $1.59            $1.50 B
       You save    ($0.09)
       MM PB Mini Shr Sz                        $6.59              $6.59    B
       HALLMARK ITEM                            $9.99              $9.99    T
Total number of items sold = 5
        Subtotal                                                   $33.66
        Tax                                                         $2.77
        Total due                                                  $36.43

         Visa total                                                $36.43
VISA #48 ke     EH ION?
APPROVAL CODE 04150G SEQ #: 739870
AID A0000000031010
        Change                                                      $0.00
                Winn-Dixie rewards (ending in 9453)

  rewards savings             Coupon savings            Total savings

        $0.09                       $0                     $0.09
                             Points summary*:

    Base earned              Bonus earned           Total balance


         17                         0                       765
                   Worth $7.65 in FREE groceries
              *May not include pending points activity

           Every 100 points = $1 in FREE groceries.
         Terms apply. See WinnDixie.com for details.

        Thank you for shopping your local Winn-Dixie!




                Add items to shopping list
                   08/06/2025 at 3:54PM
                         Store Manager: PAUL
                         Your Cashier: IYANA




                44250806141200600978383007800000




                                           Reg     You Pay
        Kraft Mac & Cheese                 $1.99     $1.39 B
        You save   ($0.60)
        k&l Corn                           $1.19    $0.89 B
        You save   ($0.30)
        k&l Green Beans                    $1.19    $0.89 B
        You save   ($0.30)
        SE Grocers Pasta                   $1.79    $1.79   B
        k&l Milk                           $3.49    $3.49   B
        Blue Bell IceCream                 $9.49    $9.49   B
        SEG Pasta Sauce                    $1.99    $1.69   B
        You save   ($0.30)
        Dole Can Pineapple                 $2.49    $2.49 B
        D&W Cheese                         $3.24    $3.24 B
        HS Thick Bacon                     $4.99    $4.50 B
        You save   ($0.49)
        SEG Turkey                         $5.34    $5.34   B
        OM BASICS HAM-AMER                 $2.99    $2.99   B
        Lunchables Snack                   $2.99    $2.99   B
        Catfish Fillet                     $4.29    $3.90   B
        0.39 lbs @ $9.99/1b
        You save   ($0.39)
        Ahi Tuna Steak                     $8.80    $3.96 B
        0.44 lbs @ $8.99/1b
        You save   ($4.84)
QTY 2   Green Bell Pepper                  $1.98    $1.58 B
        You save   ($0.40)
        Green Onions                       $1.49    $1.49 B
        Pork Chops                         $9.34    $7.00 B
        1.56 lbs @ $4.49/lb
        You save ($2.34)
        Chicken Cutlet                     $8.67    $6.56   B
        1.24   lbs @ $5.29/lb
        You save ($2.11)
        Sliced Strwberries                 $3.00    $3.00 B
        Deep Dark Choco $l                 $4.99    $0.00 B
        You save ($4.99)
        Packaged Broccoli                  $3.99    $3.99 B
        SE Grocers Bread                   $2.79    $2.49 B
        You save ($0.30)
        Dawn Dish Spray                    $5.99    $2.99 T


                Add items to shopping list
                    08/03/2025 at 4:38 PM
                         Store Manager: PAUL
                         Your Cashier: EMILY




               44250803141200201019551002100000




                                           Reg     You Pay
        Puffs Tissues                      $6.79     $5.99 T
        You save    ($0.80)
        WaT Cat Litter                     $8.99    $7.99    T
        You save ($1.00)
        Arm & Hammer Dtgnt                $11.99    $6.99    T
        You save    ($5.00)
QTY 3   Chobani Yogurt                     $5.37    $3.00    B
        You save    ($2.37)
QTY 2   Chobani Yogurt                     $3.58    $2.00    B
        You save    ($1.58)
QTY 2   Lunchables Snack                   $5.98    $2.99    B
        You save    ($2.99)
QTY 2   OM BASICS TURKEY-A                 $5.98    $2.99    B
        You save    ($2.99)
        SEG IC Sandwich                    $5.99    $5.99    B
        SEG BOIL-N-BAG                     $2.19    $2.19    B
        NABISCO MINI VARTY                 $7.99    $6.99    B
        You save    ($1.00)
        TF Green Beans                     $3.99    $3.34    B
        You save    ($0.65)
        Mixed Grapes                       $3.00    $3.00 B
        k&l Kidney Beans                   $1.29    $0.99    B
        You save ($0.30)
        SpaghettiOs Pasta                  $1.69    $1.69    B
QTY 2   Blue Runner Beans                  $4.58    $4.58    B
QTY 2   Campbell's Soup                    $3.98    $3.98    B
QTY 2   k&l Potatoes                       $2.38    $1.98    B
        You save    ($0.40)
        kgél Corn                          $1.19    $0.89    B
        You save    ($0.30)
       Pure Life 6pk                       $1.99    $1.99    B
Total number of items sold = 27
        Subtotal                                    $69.56
         Tax                                         $3.87
         Total due                                  $73.43

       Debit total                                  $73.43
DEBIT ****#
          ee xx xH*I639
APPROVAL CODE 013817 SEQ #:    21970
AID A0000000980840
         Change


               Add items to shopping list
                  08/02/2025 at 10:29 PM
                        Store Manager: PAUL
                     Your Cashier: ACM LANE_74




                44250802141207400000074018700000




                                             Reg               You Pay
       Kinder Joy Treat                      $2.79               $2.79
Total number of items sold = 1
        Subtotal                                                 $2.79
        Tax                                                      $0.10
        Total due                                                $2.89


         Visa total                                              $2.89
VISA #48 ke     EH ION?
APPROVAL CODE 08299G SEQ #: 743278
AID A0000000031010
        Change                                                   $0.00

                Winn-Dixie rewards   (ending in 9453)


  rewards savings          Coupon savings            Total savings

         $0                      $0                       $0
                          Points summary*:

    Base earned           Bonus earned           Total balance

         1                       0                   165
                   Worth $1.65 in FREE groceries
              *May not include pending points activity

           Every 100 points = $1 in FREE groceries
         Terms apply. See WinnDixie.com for details

        Thank you for shopping your local Winn-Dixie!




                Add items to shopping list
                  07/31/2025 at 4:34PM
                        Store Manager: PAUL
                         Your Cashier: SEAN




                44250731141208500987941003100000




                                                Reg               You Pay
       SEG Turkey                               $5.74               $5.74 B
       Cheez-It Crackers                        $5.29               $4.99 B
       You save    ($0.30)
       SE Grocers Bread                         $2.79              $2.49    B
       You save    ($0.30)
Total number of items sold = 3
        Subtotal                                                   $13.22
        Tax                                                         $0.46
        Total due                                                  $13.68

        Points used    (432)                                        $4.32


        Debit total                                                 $9.36
DEBIT ****xeex #x*2394
APPROVAL CODE 073417 SEQ #: 856501
AID A0000000980840
        Change                                                      $0.00

                Winn-Dixie rewards (ending in 9453)

  rewards savings             Coupon savings            Total savings

        $0.60                       $0                     $0.60
                             Points summary*:

    Base earned              Bonus earned           Total balance


         7                         21                        28
                   Worth $0.28 in FREE groceries
              *May not include pending points activity

           Every 100 points = $1 in FREE groceries.
         Terms apply. See WinnDixie.com for details.

        Thank you for shopping your local Winn-Dixie!




                Add items to shopping list
                     07/28/2025 at 6:41PM
                           Store Manager: PAUL
                         Your Cashier: KIMBERLY




                44250728141200101020448008200000




                                            Reg     You Pay
          smucker's Uncrstbl                $4.79     $3.99 B
          You save   ($0.80)
          BB MINI SWIRL CONE                $5.99    $3.00    B
          You save ($2.99)
          Danimals Smoothie                 $3.89    $3.00    B
          You save   ($0.89)
          k&l Milk                          $3.49    $3.49    B
          Top Care Nitetime                $11.99   $11.99    T
          SEG Seasoning Mix                 $0.99    $0.99 B
          Hershey's Candy                   $1.79    $1.79    B
          FRIED CKN 8PC                    $10.99   $10.99    T
          15ct Oatmeal Raisi                $5.99    $4.99    B
          1 lbs @ $4.99/lb
          You save   ($1.00)
          SEG Sour Cream                    $1.49    $1.19    B
          You save   ($0.30)
          SE Grocers Syrup                  $4.19    $3.49    B
          You save   ($0.70)
          SEG Turkey                       $10.19    $7.13    B
          1.02 lbs @ $6.99/lb
          You save   ($3.06)
          Ground Beef                       $9.67    $7.25    B
          1.21 lbs @ $5.99/lb
          You save   ($2.42)
          Strawberries                      $4.99    $3.50    B
          You save   ($1.49)
Total number of items sold = 14
        Subtotal                                     $66.79
          Tax                                         $2.35
          Total due                                  $69.14

          Ebt Foodstamps total                       $40.56
EBT FOODSTAMPS ************6149
Auth #:   6S500E SEQ #:    10405


        Debit total                                  $28.58
DEBIT ****xeex #x*2394
APPROVAL CODE 024119 SEQ #: 10406
AID A0000000980840
          Change                                      $0.00


                Add items to shopping list
                   07/24/2025 at
                         Store Manager: PAUL
                         Your Cashier: DIANA




               44250724141200400998665012100000




                                           Reg     You Pay
        Fanta Soda                         $9.99     $4.99   B
        You save ($5.00)
        Minute Maid Lmnade                 $9.99     $9.99   B
        Little Hug Drink                   $5.99     $5.99   B
        Chobani Yogurt                     $1.79     $1.79   B
QTY 2   Chobani Yogurt                     $3.58     $3.58   B
        Sargento Cheese                    $4.29     $3.00 B
        You save   ($1.29)
        Sargento Cheese                    $4.79     $3.00   B
        You save   ($1.79)
QTY 2   SpaghettiOs Pasta                  $3.38     $3.38   B
        Baby Carrots                       $1.99     $1.99   B
        SE Grocers Bread                   $2.79     $2.49   B
        You save   ($0.30)
        Oscar Mayer Lnchbl                 $1.99     $1.50   B
        You save   ($0.49)
        Oscar Mayer Lnchbl                 $1.99     $1.50   B
        You save   ($0.49)
        Lunchables Snack                   $2.99     $2.99   B
        OM BASICS HAM-AMER                 $2.99     $2.99   B
        Coca Cola                          $2.59     $2.59   B
        Zats Ckn and Rice                  $4.99     $3.99   B
        You save   ($1.00)
        Lotus Cookie Buttr                 $6.59     $6.59   B
        Pillsbury Biscuits                 $2.99     $2.99 B
        SEG Turkey                         $4.90     $3.43   B
        0.49 lbs @ $6.99/lb
        You save   ($1.47)
        Skittles Littles $                 $2.89     $2.89   B
        Chisesi Ham                        $5.80     $5.80   B
        Green Grapes                       $3.00     $3.00 B
        HS Thick Bacon                     $4.99     $4.00   B
        You save   ($0.99)
Total number of items sold = 25
        Subtotal                                    $84.46
         Tax                                         $0.18
         Total due                                  $84.64

         Points used   (520)                         $5.20


         Ebt_Foodstamps total                       $79.44

               Add items to shopping list
                  07/24/2025 at 10:25 AM
                         Store Manager: PAUL
                      Your Cashier: ACM LANE_73




                 44250724141207300000073002900000




                                                  Reg            You Pay
QTY 4   Coca Cola Cola                           $59.96           $51.96 B
        You save    ($8.00)
        k&l Milk                                  $5.29              $5.29    B
        SEG 100% Juice                            $4.69              $3.99    B
        You save    ($0.70)
Total number of items sold = 6
        Subtotal                                                     $61.24
        Tax                                                           $2.14
        Total due                                                    $63.38

         Visa total                                                  $63.38
VISA #48 ke     EH ION?
APPROVAL CODE 06507G SEQ #: 736220
AID A0000000031010
        Change                                                        $0.00

                 Winn-Dixie rewards (ending in 9453

  rewards savings              Coupon savings             Total savings

         $8.70                       $0                      $8.70
                              Points summary*:

    Base earned               Bonus earned            Total balance


         31                         217                       520
                   Worth $5.20 in FREE groceries
              *May not include pending points activity

            Every 100 points = $1 in FREE groceries
          Terms apply. See WinnDixie.com for details

         Thank you for shopping your local Winn-Dixie!




                 Add items to shopping list
                  07/21/2025 at 12:21PM
                        Store Manager: PAUL
                     Your Cashier: ACM LANE_73




                44250721141207300000073006200000




                                              Reg               You Pay
       Coca Cola Cola                        $14.99              $14.99




                                                                          www
       NYB Garlic Bread                       $3.49               $3.49
QTY 2 Sno-Balls To Go                         $7.98               $7.98
QTY 2 Hugbi Pies                              $5.38               $5.38
       Dewafelbakkr Pneks                     $4.29               $4.29
Total number of items sold = 7
        Subtotal                                                 $36.13
        Tax                                                       $1.26
        Total due                                                $37.39

         Visa total                                              $37.39
VISA #48 ke     EH ION?
APPROVAL CODE 04383G SEQ #: 735659
AID A0000000031010
        Change                                                    $0.00
                Winn-Dixie rewards   (ending in 9453)


  rewards savings          Coupon savings             Total savings

         $0                      $0                        $0
                          Points summary*:

    Base earned           Bonus earned            Total balance

         18                      0                   272
                   Worth $2.72 in FREE groceries
              *May not include pending points activity

           Every 100 points = $1 in FREE groceries
         Terms apply. See WinnDixie.com for details

        Thank you for shopping your local Winn-Dixie!




                Add items to shopping list
                    07/20/2025 at 11:07 AM
                          Store Manager: PAUL
                          Your Cashier: SUSAN




                  44250720141200600916352007100000




                                                  Reg            You Pay
         k&l Milk                                 $5.29            $5.29      B
         Gatorade Beverage                        $5.79            $5.79      B
         Coffee Mate Creamr                       $4.99            $4.99      B
         Scott Bthrm Tissue                       $4.49            $4.49      T
         k&l Sweet Peas                           $1.39            $0.99      B
         You save ($0.40)
         SpaghettiOs Pasta                        $1.69              $1.69    B
         Maruchan Ramen Sup                       $2.19              $1.50    B
         You save    ($0.69)
         Sunny Meadows Eggs                       $3.49              $3.49    B
         SEG Turkey                               $5.09              $5.09    B
         Armour Crunchers                         $1.67              $1.25    B
         You save    ($0.42)
         Kraft Mac & Cheese                       $1.99              $1.39    B
         You save    ($0.60)
         OM BASICS HAM-AMER                       $2.99              $2.99    B
         Lunchables Snack                         $2.99              $2.99    B
wr       Bananas                                  $0.54              $0.54    B
         0.78 lbs @ $0.69/lb
QTY 4    Yellow Corn                              $3.56              $2.00    B
         You save    ($1.56)
Total number of items sold = 18
        Subtotal                                                     $44.48
          Tax                                                         $1.83
          Total due                                                  $46.31

        Debit total                                                  $46.31
DEBIT ****xeex #x*2394
APPROVAL CODE 050712 SEQ #: 61714
AID A0000000980840
          Change                                                      $0.00

                  Winn-Dixie rewards (ending in 9453)

     rewards savings            Coupon savings            Total savings

          $3.67                       $0                     $3.67
                               Points summary*:

      Base earned              Bonus earned           Total balance




                  Add items to shopping list
                  07/16/2025 at 6:06 PM
                        Store Manager: PAUL
                      Your Cashier: KIMBERLY




                44250716141200501020448006200000




                                                Reg               You Pay
       SEG Turkey                               $6.79               $6.79 B
       D&W Cheese                               $5.00               $5.00 B
       SE Grocers Bread                         $2.79               $2.49 B
       You save    ($0.30)
       Gold Peak Tea                            $2.59              $1.67    B
       You save    ($0.92)
       Sparkling Ice Wtr                        $1.29              $1.25    B
       You save    ($0.04)
       SI Starburst Straw                       $1.29              $1.25    B
       You save    ($0.04)
       SI Starburst Cherr                       $1.29              $1.25    B
       You save    ($0.04)
Total number of items sold = 7
        Subtotal                                                   $19.70
        Tax                                                         $0.69
        Total due                                                  $20.39


        Debit total                                                $20.39
DEBIT ****xeee #x#2639
APPROVAL CODE 010619 SEQ #: 55087
AID A0000000980840
        Change                                                      $0.00

                Winn-Dixie rewards (ending in 9453)

  rewards savings             Coupon savings            Total savings

        $1.34                       $0                     $1.34
                             Points summary*:
    Base earned              Bonus earned           Total balance


         10                         0                       122
                   Worth $1.22 in FREE groceries
              *May not include pending points activity

           Every 100 points = $1 in FREE groceries.
         Terms apply. See WinnDixie.com for details.

        Thank you for shopping your local Winn-Dixie!


                Add items to shopping list
                  07/12/2025 at 2:51PM
                        Store Manager: PAUL
                       Your Cashier: DEMOND




              44250712141200501005284002200000




                                                Reg            You Pay
       Nutella Spread                           $2.49            $2.49 B
       SE Grocers Bread                         $2.79            $2.79 B
       SEG Pasta Sauce                          $1.99            $1.50 B
       You save    ($0.49)
       HS Regular Bacon                         $4.99              $4.49   B
       You save    ($0.50)
       SF Chicken Thighs                        $5.71              $5.14   B
       1.91 lbs @ $2.69/lb
       You save    ($0.57)
       Lunchables Snack                         $2.99              $1.50   B
       You save    ($1.49)
       Lunchables Snack                         $2.99              $1.50   B
       You save    ($1.49)
       OM BASICS TURKEY-A                       $2.99              $1.50   B
       You save    ($1.49)
       Lunchables Snack                         $2.99              $1.50   B
       You save ($1.49)
       Watermelon                               $8.99              $5.99   B
       You save    ($3.00)
Total number of items sold = 10
        Subtotal                                                $28.40
        Tax                                                        $0.99
        Total due                                               $29.39


        Points used    (332)                                       $3.32


        Debit total                                             $26.07
DEBIT ****xeex #x*2394
APPROVAL CODE 005115 SEQ #: 54643
AID A0000000980840
        Change                                                     $0.00

              Winn-Dixie rewards (ending in 9453

  rewards savings             Coupon savings            Total savings

        $10.52                      $0                    $10.52
                             Points summary*:

    Base earned              Bonus earned           Total balance




                 Add items to shopping list
                   07/09/2025 at 6:01PM
                        Store Manager: PAUL
                     Your Cashier: ACM LANE_73




               44250709141207300000073013400000




                                                Reg            You Pay
QTY 4   Sno-Balls To Go                        $15.96           $15.96 B
        ALM PETIT FOUR                          $5.99            $5.99 B
        SEG Turkey                              $9.89            $9.89 B
QTY 2   Peter Pan Pnt Bttr                     $19.78            $9.89   B
        You save   ($9.89)
        Good2Grow 100% Jce                      $3.59            $3.59   B
        APPLE JACK DONUT                        $5.49            $0.00   B
        You save   ($5.49)
        Lunchables Snack                        $2.99            $1.50   B
        You save   ($1.49)
        Sparkling Ice Wtr                       $1.29            $1.25   B
        You save   ($0.04)
        Sparkling Ice Wtr                       $1.29            $1.25   B
        You save   ($0.04)
        Sno-Balls To Go                         $3.99            $3.99   B
        Sparkling Ice Wtr                       $1.29            $1.25   B
        You save   ($0.04)
        Sparkling Ice Wtr                       $1.29            $1.25   B
        You save   ($0.04)
        Lunchables Snack                        $2.99            $1.50   B
        You save   ($1.49)
        Chse Vrty Inst Grt                      $4.49            $4.49   B
        Cocoa Krispies Crl                      $5.49            $5.49   B
        Pearl Millng Syrup                      $4.79            $3.50   B
        You save   ($1.29)
QTY 3   Coca Cola Cola                         $44.97           $32.97   B
        You save   ($12.00)
Total number of items sold = 23
        Subtotal                                               $103.76
         Tax                                                     $3.63
         Total due                                             $107.39

         Visa total                                            $107.39
VISA #48 ke     EH ION?
APPROVAL CODE 03894G SEQ #: 733285
AID A0000000031010
         Change                                                  $0.00
               Winn-Dixie rewards      (ending in 9453)


  rewards savings             Coupon savings            Total savings

               Add items to shopping list
                   07/06/2025 at 7:26 PM
                         Store Manager: PAUL
                          Your Cashier:




               44250706141200301020878009600000




                                           Reg     You Pay
        Sunny Meadows Eggs                 $3.49     $3.49 B
        LD CAKE                            $3.19     $3.00 B
        You save   ($0.19)
        SEG Canned Fruit                   $1.99    $1.50    B
        You save   ($0.49)
QTY 2   Hunts Rstd Garlic                  $3.78    $2.50    B
        You save   ($1.28)
        k&l Diced Tomatoes                 $1.29    $0.99    B
        You save   ($0.30)
        Bunny Bread                        $3.49    $3.49    B
QTY 2   Rosina Meatballs                  $11.78    $5.89    B
        You save   ($5.89)
        SEG Storage Bags                   $2.39    $2.39 T
        SEG Pistachios                     $5.99    $3.99    B
        You save   ($2.00)
QTY 2   Chobani Yogurt                     $3.58    $3.58    B
        Lunchables Snack                   $2.99    $2.99    B
        Lunchables Snack                   $2.99    $2.99    B
        OM BASICS HAM-AMER                 $2.99    $2.99    B
        Lotus Cookie Buttr                 $6.59    $6.59    B
        SE Grocers Pasta                   $1.79    $1.25    B
        You save   ($0.54)
        SEG Ham                            $4.55    $4.55    B
        Temptations Treats                 $2.59    $2.59    T
wr      Apples                             $1.07    $0.86    B
        0.43 lbs @ $1.99/1b
        You save   ($0.21)
wr      GRNY SMTH APPLE                    $1.20    $1.20    B
        0.48 lbs @ $2.49/lb
QTY 2   Yellow Corn                        $1.78    $0.50    B
        You save   ($1.28)
        Strawberries                       $4.99    $3.34    B
        You save   ($1
        Albanese Gummies                   $1.59    $1.59    B
        WaT Cat Litter                     $8.99    $7.99    T
        You save   ($1.00)
Total number of items sold = 27
        Subtotal                                    $70.25
         Tax                                         $3.27
         Total due                                  $73.52


               Add items to shopping list
                   06/30/2025 at 2:11PM
                          Store Manager: PAUL
                      Your Cashier: ACM LANE 092




                 44250630141209200000092008700000




                                                  Reg            You Pay
QTY 3   Sno-Balls To Go                          $11.97           $11.97
        Dewafelbakkr Pneks                        $4.29            $4.29
        KELLOGG APL JCK GT                        $7.49            $6.59
        You save    ($0.90)
        k&l Milk                                  $5.29            $5.29
QTY 8   DR PEPPER 12PK                           $79.92           $47.92
        You save    ($32.00)
Total number of items sold = 14
        Subtotal                                                  $76.06
        Tax                                                          $2.66
        Total due                                                 $78.72

         Visa total                                               $78.72
VISA #48 ke     EH ION?
APPROVAL CODE 04301G SEQ #: 928143
AID A0000000031010
        Change                                                       $0.00

                 Winn-Dixie rewards (ending in 9453

  rewards savings              Coupon savings             Total savings

        $32.90                       $0                     $32.90
                              Points summary*:

    Base earned               Bonus earned            Total balance

          38                      0                   336
                    Worth $3.36 in FREE groceries
               *May not include pending points activity

            Every 100 points = $1 in FREE groceries
          Terms apply. See WinnDixie.com for details

         Thank you for shopping your local Winn-Dixie!




                 Add items to shopping list
                  06/29/2025 at 1:12 PM
                      Store Manager:        STEPHEN
                         Your Cashier:      ERIN




                44250629140400601018808002900000




                                                Reg               You Pay
       Pringles Chips                           $1.59               $1.50 B
       You save    ($0.09)
       Fanta Soda                               $2.59              $2.59    B
Total number of items sold = 2
        Subtotal                                                    $4.09
        Tax                                                         $0.14
        Total due                                                   $4.23

        Debit total                                                $14.23
DEBIT ****xeex #x*2394
APPROVAL CODE 081214 SEQ #: 62753
AID A0000000980840
        Change                                                     $10.00

                Winn-Dixie rewards (ending in 9453)

  rewards savings             Coupon savings            Total savings

        $0.09                       $0                     $0.09
                             Points summary*:

    Base earned              Bonus earned             Total balance


         2                         0                        298
                  Worth $2.98 in FREE groceries
             *May not include pending points activity

           Every 100 points = $1 in FREE groceries.
         Terms apply. See WinnDixie.com for details.

        Thank you for shopping your local Winn-Dixie!




                Add items to shopping list
                  06/26/2025 at 5:52 PM
                        Store Manager: PAUL
                       Your Cashier: DEMOND




                44250626141200301005284005900000




                                                Reg            You Pay
       smucker's Uncrstbl                       $4.79            $3.99 B
       You save    ($0.80)
       Minute Maid Lmnade                       $9.99              $5.99   B
       You save    ($4.00)
       Diet Bargs Rt Beer                       $9.99              $5.99   B
       You save    ($4.00)
       Kinder Joy Treat                         $2.79              $2.79   B
       Fanta Soda                               $9.99              $5.99   B
       You save    ($4.00)
Total number of items sold = 5
        Subtotal                                                  $24.75
        Tax                                                        $0.87
        Total due                                                 $25.62

        Debit total                                               $25.62
DEBIT ****xeex #x*2394
APPROVAL CODE 075218 SEQ #: 30069
AID A0000000980840
        Change                                                     $0.00

                Winn-Dixie rewards (ending in 9453

  rewards savings             Coupon savings            Total savings

        $12.80                      $0                    $12.80
                             Points summary*:

    Base earned              Bonus earned           Total balance


         12                        60                       296
                   Worth $2.96 in FREE groceries
              *May not include pending points activity

           Every 100 points = $1 in FREE groceries
         Terms apply. See WinnDixie.com for details

        Thank you for shopping your local Winn-Dixie!




                 Add items to shopping list
                  06/26/2025 at 5:52 PM
                        Store Manager: PAUL
                       Your Cashier: DEMOND




                44250626141200301005284005900000




                                                Reg            You Pay
       smucker's Uncrstbl                       $4.79            $3.99 B
       You save    ($0.80)
       Minute Maid Lmnade                       $9.99              $5.99   B
       You save    ($4.00)
       Diet Bargs Rt Beer                       $9.99              $5.99   B
       You save    ($4.00)
       Kinder Joy Treat                         $2.79              $2.79   B
       Fanta Soda                               $9.99              $5.99   B
       You save    ($4.00)
Total number of items sold = 5
        Subtotal                                                  $24.75
        Tax                                                        $0.87
        Total due                                                 $25.62

        Debit total                                               $25.62
DEBIT ****xeex #x*2394
APPROVAL CODE 075218 SEQ #: 30069
AID A0000000980840
        Change                                                     $0.00

                Winn-Dixie rewards (ending in 9453

  rewards savings             Coupon savings            Total savings

        $12.80                      $0                    $12.80
                             Points summary*:

    Base earned              Bonus earned           Total balance


         12                        60                       296
                   Worth $2.96 in FREE groceries
              *May not include pending points activity

           Every 100 points = $1 in FREE groceries
         Terms apply. See WinnDixie.com for details

        Thank you for shopping your local Winn-Dixie!




                 Add items to shopping list
                    06/22/2025 at 5:27PM
                          Store Manager: PAUL
                         Your Cashier: KHALESE




                  44250622141200200937277015600000




                                                   Reg            You Pay
         GAIN LQ HEC OXI WD                       $10.79            $5.49 7
         You save    ($3.30)
         $2.00 off
         k&l Milk                                  $5.29               $5.29 B
         BB MINI SWIRL CONE                        $5.99               $3.00 B
         You save    ($2.99)
         Oscar Mayer Lnchbl                        $1.99               $1.99 B
         Lunchables Snack                          $2.99               $2.50 B
         You save    ($0.49)
         Lunchables Snack                          $2.99               $2.50 B
         You save    ($0.49)
         Nutella Spread                            $2.49               $2.49   B
         SEG Turkey                                $5.84               $5.84   B
         D&W Cheese                                $3.79               $3.79   B
QTY 2.   Chobani Yogurt                            $3.58               $3.58   B
         Chicken Cutlet                            $8.81               $6.67   B
         1.26 lbs @ $5.29/lb
         You save ($2.14)
         Boneless Pork Ribs                        $8.39               $6.99   B
         1.4   lbs @ $4.99/1b
        You save ($1.40)
       Bunny Bread                                 $3.49               $3.49   B
Total number of items sold = 14
         Subtotal                                                  $53.62
         Tax                                                        $2.41
         Total due                                                 $56.03

          Points used (1,094)                                      $10.94

          Debit total                                              $65.09
DEBIT ****#eeHHHHRIE39
APPROVAL CODE 012718 SEQ #:         29823
AID A0000000980840
        Change                                                     $20.00

                  Winn-Dixie rewards (ending in 9453)

   rewards savings              Coupon savings             Total savings

         $10.81                      $2.00                    $12.81
                               Points summary*:

                  Add items to shopping list
                    06/22/2025 at 5:27PM
                          Store Manager: PAUL
                         Your Cashier: KHALESE




                  44250622141200200937277015600000




                                                   Reg            You Pay
         GAIN LQ HEC OXI WD                       $10.79            $5.49 7
         You save    ($3.30)
         $2.00 off
         k&l Milk                                  $5.29               $5.29 B
         BB MINI SWIRL CONE                        $5.99               $3.00 B
         You save    ($2.99)
         Oscar Mayer Lnchbl                        $1.99               $1.99 B
         Lunchables Snack                          $2.99               $2.50 B
         You save    ($0.49)
         Lunchables Snack                          $2.99               $2.50 B
         You save    ($0.49)
         Nutella Spread                            $2.49               $2.49   B
         SEG Turkey                                $5.84               $5.84   B
         D&W Cheese                                $3.79               $3.79   B
QTY 2.   Chobani Yogurt                            $3.58               $3.58   B
         Chicken Cutlet                            $8.81               $6.67   B
         1.26 lbs @ $5.29/lb
         You save ($2.14
         Boneless Pork Ribs                        $8.39               $6.99   B
         1.4   lbs @ $4.99/1b
        You save ($1.40)
       Bunny Bread                                 $3.49               $3.49   B
Total number of items sold = 14
         Subtotal                                                  $53.62
         Tax                                                        $2.41
         Total due                                                 $56.03

          Points used (1,094)                                      $10.94

          Debit total                                              $65.09
DEBIT ****#eeHHHHRIE39
APPROVAL CODE 012718 SEQ #:         29823
AID A0000000980840
        Change                                                     $20.00

                  Winn-Dixie rewards (ending in 9453)

   rewards savings              Coupon savings             Total savings

         $10.81                      $2.00                    $12.81
                               Points summary*:

                  Add items to shopping list
                    06/22/2025 at 5:27PM
                          Store Manager: PAUL
                         Your Cashier: KHALESE




                  44250622141200200937277015600000




                                                   Reg            You Pay
         GAIN LQ HEC OXI WD                       $10.79            $5.49 7
         You save    ($3.30)
         $2.00 off
         k&l Milk                                  $5.29               $5.29 B
         BB MINI SWIRL CONE                        $5.99               $3.00 B
         You save    ($2.99)
         Oscar Mayer Lnchbl                        $1.99               $1.99 B
         Lunchables Snack                          $2.99               $2.50 B
         You save    ($0.49)
         Lunchables Snack                          $2.99               $2.50 B
         You save    ($0.49)
         Nutella Spread                            $2.49               $2.49   B
         SEG Turkey                                $5.84               $5.84   B
         D&W Cheese                                $3.79               $3.79   B
QTY 2.   Chobani Yogurt                            $3.58               $3.58   B
         Chicken Cutlet                            $8.81               $6.67   B
         1.26 lbs @ $5.29/lb
         You save ($2.14)
         Boneless Pork Ribs                        $8.39               $6.99   B
         1.4   lbs @ $4.99/1b
        You save ($1.40)
       Bunny Bread                                 $3.49               $3.49   B
Total number of items sold = 14
         Subtotal                                                  $53.62
         Tax                                                        $2.41
         Total due                                                 $56.03

          Points used (1,094)                                      $10.94

          Debit total                                              $65.09
DEBIT ****#eeHHHHRIE39
APPROVAL CODE 012718 SEQ #:         29823
AID A0000000980840
        Change                                                     $20.00

                  Winn-Dixie rewards (ending in 9453)

   rewards savings              Coupon savings             Total savings

         $10.81                      $2.00                    $12.81
                               Points summary*:

                  Add items to shopping list
                    06/14/2025 at 6:03 PM
                         Store Manager: PAUL
                        Your Cashier: KALIYAH




               44250614141200300982369006200000




                                           Reg     You Pay
        Green Grapes                       $3.00     $3.00 B
        Mixed Grapes                       $3.00     $3.00 B
        YoCrunch Yogurt                    $1.39     $1.39   B
        Minute Maid Lmnade                 $9.99     $5.99   B
        You save    ($4.00)
        Diet Bargs Rt Beer                 $9.99     $5.99   B
        You save ($4.00)
        Fanta Soda                         $9.99     $5.99   B
        You save    ($4.00)
        Little Hug Drink                   $5.99     $4.99   B
        You save    ($1.00)
        kgél Corn                          $1.19     $0.89   B
        You save    ($0.30)
        Chick-Fil-A Drssng                 $5.49     $4.99   B
        You save    ($0.50)
        SEG Seasoning Mix                  $0.99     $0.99 B
        SEG Turkey                        $11.74    $11.74   B
        SEG Jumbo Biscuit                  $3.39     $2.79   B
        You save    ($0.60)
        SpaghettiOs Pasta                  $1.59     $1.59   B
QTY 2   SEG Canned Fruit                   $3.98     $3.00   B
        You save    ($0.98)
        Lotus Cookie Buttr                 $6.59     $6.59   B
        SEG Cutlery                        $2.29     $2.29 7
        CC Oil Spread                      $7.99     $4.99   B
        You save    ($3.00)
        Dole Shred Lettuce                 $3.49     $3.49   B
        Hormel Bacon                      $10.99     $7.99   B
        You save    ($3.00)
        Cilantro                           $0.99     $0.99   B
        Russet Potatoes                    $5.99     $5.99   B
        T-Bone Steak                      $17.99    $12.59   B
        1.2 lbs @ $10.49/1b
        You save ($5.40)
        T-Bone Steak                      $18.29    $12.80   B
        1.22 lbs @ $10.49/1b
        You save ($5.49)
        Fresh Meats                        $7.20     $6.79   B
        1.03 lbs @ $6.59/lb
        You save ($0.41)


               Add items to shopping list
                    06/14/2025 at 6:03 PM
         Fresh Meats                            $7.20                $6.79
         1.03 lbs @ $6.59/1b
         You save ($0.41)
         kél Milk                               $5.29                $4.29
         You save ($1.00)




                                                                               w
         Mission Tortillas                      $4.29                $4.29




                                                                             wow
         Bunny Bread                            $3.99                $3.99
         Blue Bell IceCream                     $9.49                $6.49
         You save ($3.00)
QTY 2     Lunchables Snack                      $5.98                $5.98




                                                                             wooo
         OM BASICS TURKEY-A                     $2.99                $2.99
         Lunchables Snack                       $2.99                $2.99
         Lunchables Snack                       $2.99                $2.99
wr     Tomatoes                                 $1.67                $0.75
        0.67 lbs @ $1.49/1b
       You save ($0.92)
Total number of items sold = 35
         Subtotal                                               $155.61
         Tax                                                      $5.59
         Total due                                              $161.20

          Mastercard total                                      $161.20
MASTERCARD ************4858
APPROVAL CODE 014256 SEQ #:      39145
AID A0000000041010
        Change                                                       $0.00

                  Winn-Dixie rewards     (ending in 9453)


     rewards savings         Coupon savings             Total savings

         $36.35                  $1.25                      $37.60
                            Points summary*:


      Base earned           Bonus earned            Total balance

           78                    711                        1,094
                    Worth $10.94 in FREE groceries
                *May not include pending points activity

            Every 100 points = $1 in FREE groceries.
           Terms apply. See WinnDixie.com for details.

          Thank you for shopping your local Winn-Dixie!




                  Add items to shopping list
                  06/14/2025 at 6:01PM
                        Store Manager: PAUL
                       Your Cashier: KALIYAH




                44250614141200300982369006100000




                                             Reg               You Pay
       k&l Water                             $2.99               $2.99   B
       Purex Detergent                      $11.99              $11.99   T
       Fairlife Milk                         $5.49               $5.49   B
Total number of items sold = 3
        Subtotal                                                $20.47
        Tax                                                      $1.65
        Total due                                               $22.12

        Mastercard total                                        $22.12
MASTERCARD *****#####*4858
APPROVAL CODE 014600 SEQ #: 39144
AID A0000000041010
        Change                                                   $0.00

                Winn-Dixie rewards (ending in 9453

  rewards savings         Coupon savings             Total savings

         $0                     $0                        $0
                         Points summary*:

    Base earned          Bonus earned              Total balance


         10                     50                       305
                   Worth $3.05 in FREE groceries
              *May not include pending points activity

           Every 100 points = $1 in FREE groceries
         Terms apply. See WinnDixie.com for details

        Thank you for shopping your local Winn-Dixie!




                Add items to shopping list
                  06/09/2025 at 8:39 PM
                        Store Manager: PAUL
                     Your Cashier: ACM LANE_73




                44250609141207300000073017200000




                                                Reg               You Pay
       Little Hug Drink                         $5.99               $4.99 B
       You save    ($1.00)
Total number of items sold = 1
        Subtotal                                                    $4.99
        Tax                                                         $0.17
        Total due                                                   $5.16

        Debit total                                                 $5.16
DEBIT ****xeex #x*2394
APPROVAL CODE 063921 SEQ #: 737166
AID A0000000980840
        Change                                                      $0.00

                Winn-Dixie rewards (ending in 9453

  rewards savings             Coupon savings            Total savings

        $1.00                       $0                     $1.00
                             Points summary*:

    Base earned              Bonus earned           Total balance


         2                         0                        245
                  Worth $2.45 in FREE groceries
             *May not include pending points activity

           Every 100 points = $1 in FREE groceries
         Terms apply. See WinnDixie.com for details

        Thank you for shopping your local Winn-Dixie!




                Add items to shopping list
                   06/08/2025 at 8:18 PM
                           Store Manager: PAUL
                            Your Cashier:




              44250608141200601020878024100000




                                             Reg     You Pay
wr      Russet Potato                        $4.50     $3.82 B
        2.26 lbs @ $1.69/lb
        You save   ($0.68)
        k&l Cheese                           $7.49    $4.99    B
        You save   ($2.50)
        k&l Milk                             $5.29    $5.29    B
        k&l Milk                             $3.49    $2.74    B
        You save   ($0.75)
        Annie Chun's Bowl                    $4.79    $4.79    B
QTY 2   Chobani Yogurt                       $3.58    $3.58    B
        kgél Corn                            $1.19    $0.89    B
        You save   ($0.30)
        Top Care Nitetime                    $9.99    $9.99 T
        Sunny Meadows Eggs                   $3.99    $3.99 B
        Smucker's Syrup                      $3.59    $2.50    B
        You save   ($1.0
        Chobani Yogurt                       $6.49    $6.49    B
QTY 3   Strawberries                        $14.97   $10.01    B
        You save ($4.96)
        Blueberries                          $5.99    $3.33    B
        You save   ($2.66)
        Two-Bite Cupcakes                    $4.99    $3.74    B
        You save   ($1.25)
        Philadelphia Chse                    $4.59    $4.59    B
        Ground Beef                          $6.30    $5.81    B
        0.97 lbs @ $5.99/lb
        You save ($0.49)
        Beef Cubed Steak                     $6.40    $5.48    B
        0.61 lbs @ $8.99/1b
        You save ($0.92)
        Lunchables Snack                     $2.99    $2.99    B
        Lunchables Snack                     $2.99    $2.99    B
        Lunchables Snack                     $2.99    $2.99    B
QTY 2   CocaCola Soda                       $19.98   $14.98    B
        You save   ($5.00)
CPN     SCANNED COUPON ($1.00)
CPN     SCANNED COUPON ($1.00)
Total number of items sold = 25
         Subtotal                                    $103.98




              Add items to shopping list
                   06/07/2025 at
                         Store Manager: PAUL
                       Your Cashier: KIMBERLY




                 44250607141200401020448007300000




                                                 Reg            You Pay
        Fanta Soda                               $9.99              $4.99   B
        You save ($5.00)
        Minute Maid Lmnade                       $9.99              $9.99   B
        smucker's Spread                         $3.99              $3.99 B
QTY 2   Blue Plate Mynnase                       $9.98              $4.99   B
        You save    ($4.99)
        HSWT Thk Bacon                           $4.99              $4.99   B
        D&W Cheese                               $5.50              $4.00   B
        0.5 lbs @ $7.99/lb
        You save    ($1.50)
        SEG Turkey                               $9.39              $9.39 B
        Bunny Bread                              $3.99              $3.99 B
Total number of items sold = 9
        Subtotal                                                   $46.33
         Tax                                                        $1.62
         Total due                                                 $47.95

        Debit total                                             $147.95
DEBIT ****xeex #x*2394
APPROVAL CODE 071814 SEQ #: 42270
AID A0000000980840
         Change                                                 $100.00
                 Winn-Dixie rewards (ending in 9453

  rewards savings              Coupon savings            Total savings

        $11.49                       $0                    $11.49
                              Points summary*:

    Base earned               Bonus earned             Total balance


         23                         161                      289
                    Worth $2.89 in FREE groceries
               *May not include pending points activity

            Every 100 points = $1 in FREE groceries
          Terms apply. See WinnDixie.com for details

         Thank you for shopping your local Winn-Dixie!


                 Add items to shopping list
                  06/06/2025 at 10:17 PM
                        Store Manager: PAUL
                     Your Cashier: ACM LANE_73




                44250606141207300000073020700000




                                             Reg               You Pay
QTY 2  Smucker's Jelly                       $6.58               $6.58   B
       Sno-Balls To Go                       $3.99               $3.99   B
       Sno-Balls To Go                       $3.99               $3.99   B
       Dewafelbakkr Pneks                    $4.29               $4.29   B
QTY 3 Hugbi Pies                             $8.07               $8.07   B
Total number of items sold = 8
        Subtotal                                                $26.92
        Tax                                                      $0.94
        Total due                                               $27.86

         Visa total                                             $27.86
VISA #48 ke     EH ION?
APPROVAL CODE 02673G SEQ #: 736534
AID A0000000031010
        Change                                                   $0.00
                Winn-Dixie rewards   (ending in 9453)


  rewards savings          Coupon savings            Total savings

         $0                      $0                       $0
                          Points summary*:

    Base earned           Bonus earned           Total balance

         13                      0                   105
                   Worth $1.05 in FREE groceries
              *May not include pending points activity

           Every 100 points = $1 in FREE groceries
         Terms apply. See WinnDixie.com for details

        Thank you for shopping your local Winn-Dixie!




                Add items to shopping list
                    06/01/2025 at 6:31PM
                       Store Manager:   STEPHEN
                        Your Cashier:   TRISTIN




               44250601140400101017597006700000




                                             Reg     You Pay
        Bunny Bread                          $3.99     $3.99 B
        Fresh Meats                          $7.06     $6.66   B
        1.01 lbs @ $6.59/lb
        You save    ($0.40)
        k&l Milk                             $5.29     $4.29   B
        You save    ($1.00)
        Oscar Mayer Lnchbl                   $1.99     $1.50   B
        You save    ($0.49)
QTY 2   Chobani Yogurt                       $3.58     $2.50   B
        You save    ($1.08)
        SE Grocers Pasta                     $1.79     $1.25   B
        You save    ($0.54)
        SEG Turkey                           $9.59     $6.71   B
        0.96 lbs @ $6.99/1b
        You save    ($2.88)
        kgél Corn                            $1.19     $0.89   B
        You save    ($0.30)
        k&l Diced Tomatoes                   $1.29     $0.99   B
        You save    ($0.30)
        Nutella Spread                       $2.49     $2.49   B
        Coffee Mate Creamr                   $4.49     $4.49   B
QTY 2   Lunchables Snack                     $5.98     $5.00   B
        You save    ($0.98)
        Lunchables Snack                     $2.99     $2.50   B
        You save    ($0.49)
        OM BASICS HAM-AMER                   $2.99     $2.50   B
        You save    ($0.49)
Total number of items sold = 16
        Subtotal                                      $45.76
        Tax                                            $1.60
        Total due                                     $47.36

         Points used    (460)                          $4.60


        Debit total                                   $42.76
DEBIT ****xeee #x#2639
APPROVAL CODE 063119 SEQ #: 16166
AID A0000000980840
        Change                                         $0.00



               Add items to shopping list
                  We 31/2025 at 2B a Ph
                        Store “Manager: PAUL
                     Your Cashier: ACM LANE_73




                44250531141207300000073020100000




                                                Reg               You Pay
       SEG Ice Cream Cone                       $4.99               $2.99 B
       You save    ($2.00)
       DIGIORNO PIZZA                           $6.99              $3.99    B
       You save    ($3.00)
       Lotus Cookie Buttr                       $6.59              $6.59    B
       SpaghettiOs Pasta                        $1.59              $1.00    B
       You save    ($0.59)
Total number of items sold = 4
        Subtotal                                                   $14.57
        Tax                                                         $0.51
        Total due                                                  $15.08

        Mastercard total                                           $15.08
MASTERCARD *****#####*4858
APPROVAL CODE 031073 SEQ #: 735230
AID A0000000041010
        Change                                                      $0.00

                Winn-Dixie rewards (ending in 9453

  rewards savings             Coupon savings            Total savings

        $5.59                       $0                     $5.59
                             Points summary*:

    Base earned              Bonus earned           Total balance


         7                         35                       460
                  Worth $4.60 in FREE groceries
             *May not include pending points activity

           Every 100 points = $1 in FREE groceries
         Terms apply. See WinnDixie.com for details

        Thank you for shopping your local Winn-Dixie!




                Add items to shopping list
                  05/26/2025 at 10:39 AM
                         Store Manager: PAUL
                        Your Cashier: KHALESE




                 44250526141200600937277000700000




                                           Reg      You Pay
QTY 2.   SE Grocers Tea                    $6.58      $5.58 B
         You save   ($1.00)
         k&l Milk                          $3.49     $2.74 B
         You save   ($0.75)
         Little Hug Drink                  $5.99     $5.99 B
         Cocoa Krispies Crl                $5.49     $5.49 B
         Mccain Fries                      $4.99     $3.49 B
         You save   ($1.50)
         Kraft Mac & Cheese                $1.99     $1.39 B
         You save   ($0.60)
         Entenmann's Donut                 $5.29     $5.29 B
         SEG Pasta Sauce                   $1.99     $1.19 B
         You save   ($0.80)
QTY 2.   Chobani Yogurt                    $3.58     $3.58 B
         Ball Park Franks                  $4.49     $4.00 B
         You save   ($0.49)
         Lunchables Snack                  $2.99     $2.99 B
         OM BASICS TURKEY-A                $2.99     $2.99 B
         Pork Chops                        $9.34     $6.22 B
         1.56 lbs @ $3.99/1b
         You save   ($3.12)
         Fresh Meats                       $8.04     $5.16 B
         1.15 lbs @ $4.49/1b
         You save ($2.88)
         BB Sunscreen                      $9.99     $6.99 T
         You save   ($3.00)
         Sprite Soda                       $2.59     $2.59 B
         BB SPORT SPRAY 50+               $11.99     $8.99 7
         You save   ($3.00)
Wr       Red Seedless Grape                $6.09     $5.76 B
         1.65 lbs @ $3.49/lb
         You save ($0.33)
QTY 4    Yellow Corn                       $3.56     $1.00   B
         You save ($2.56)
         Bunny Bread                       $3.99     $3.99 B
         SE Grocers Buns                   $2.49     $1.49   B
         You save ($1.00)
         D&W Cheese                       $11.43     $9.35   B
         1.04   lbs @ $8.99/lb
         You save ($2.08)


                 Add items to shopping list
                   05/26/2025 at 10:39 AM
         SEG Turkey                            $9.79             $9.79     B
         Watermelon                            $8.99             $3.99




                                                                           w
         You save ($5.00)
CPN      rewards cpn($10.00)
CPN      SCANNED COUPON ($2.00)
Total number of items sold = 29
        Subtotal                                               $98.04
        Tax                                                     $4.40
        Total due                                             $102.44

          Points used (508)                                        $5.08

          Visa total                                             $97.36
VISA * ee REE      A GEA
APPROVAL CODE 07996C SEQ #:       66379
AID A0000000031010
          Change                                                   $0.00


                  Winn-Dixie rewards   (ending in 9453)


   rewards savings           Coupon savings            Total savings


         $26.36                   $13.75                  $40.11
                            Points summary*:


      Base earned           Bonus earned           Total balance

           50                     368                      418
                     Worth $4.18 in FREE groceries
                *May not include pending points activity


                Every 100 points = $1 in FREE groceries.
           Terms apply. See WinnDixie.com for details.

          Thank you for shopping your local Winn-Dixie!




                  Add items to shopping list
                   05/18/2025 at 3:15 PM
                          Store Manager: PAUL
                         Your Cashier: ZACHARY




               44250518141200601020499013700000




                                            Reg     You Pay
        Bunny Bread                         $3.99     $3.99 B
        Success Rice                        $2.79     $2.79   B
        k&l Peas & Carrots                  $2.29     $1.67   B
        You save   ($0.62)
QTY 2   Kraft Mac & Cheese                  $3.98     $1.99   B
        You save   ($1
        Hormel Pepperoni                    $5.79     $4.00   B
        You save   ($1.79)
        SBUX ICED ENERGY                    $3.29     $3.29   B
        Blue Runner Beans                   $3.69     $3.69   B
        k&l Kidney Beans                    $1.29     $0.99   B
        You save   ($0.30)
        Knorr Rice Sides                    $1.59     $0.99   B
        You save   ($0.60)
        D&W Cheese                          $3.52     $3.52   B
        Kraft Cheese                        $3.99     $3.99   B
        SEG Turkey                         $10.49    $10.49   B
        Chobani Yogurt                      $1.79     $1.79   B
        SEG Light Cream                     $3.49     $3.49   B
        Dole Shred Lettuce                  $3.49     $3.49   B
wr      Tomatoes                            $1.57     $0.94   B
        0.63 lbs @ $1.49/lb
        You save   ($0.63)
        Manda Sausage                       $4.99     $4.00   B
        You save   ($0.99)
wr      Bananas                             $1.25     $1.25   B
        1.81 lbs @ $0.69/1lb
        Ground Beef                         $6.47     $5.39   B
        1.08 lbs @ $4.99/lb
        You save ($1.08)
        SF TENDERLOINS VP                  $11.88     $8.77   B
        1.83 lbs @ $4.79/lb
        You save ($3.11)
       k&l Milk                             $5.29     $5.29   B
       Bush's Best Beans                    $1.89     $1.89   B
Total number of items sold = 23
         Subtotal                                    $77.70
         Tax                                          $2.72
         Total due                                   $80.42

         Debit total                                 $80.42

               Add items to shopping list
                  05/15/2025 at 8:19 PM
                         Store Manager: PAUL
                     Your Cashier: ACM LANE 092




                44250515141209200000092018000000




                                             Reg               You Pay
       k&l Milk                              $5.29               $5.29 B
       Sno-Balls To Go                       $3.99               $3.99 B
Total number of items sold = 2
        Subtotal                                                 $9.28
        Tax                                                      $0.32
        Total due                                                $9.60

         Visa total                                              $9.60
VISA #48 ke     EH ION?
APPROVAL CODE 07781G SEQ #: 920841
AID A0000000031010
        Change                                                   $0.00

                Winn-Dixie rewards (ending in 9453

  rewards savings          Coupon savings            Total savings

         $0                      $0                       $0
                          Points summary*:
    Base earned           Bonus earned            Total balance


         5                      0                        196
                   Worth $1.96 in FREE groceries
              *May not include pending points activity

           Every 100 points = $1 in FREE groceries
         Terms apply. See WinnDixie.com for details

        Thank you for shopping your local Winn-Dixie!




                Add items to shopping list
                   05/10/2025 at 5:02PM
                         Store Manager: PAUL
                      Your Cashier: ACM LANE_73




                 44250510141207300000073017500000




                                                  Reg               You Pay
        Pearl Millng Syrup                        $4.79               $3.00 B
        You save    ($1.79)
QTY 2   Hugbi Pies                                $5.38              $5.38    B
        HALLMARK ITEM                             $5.99              $5.99    T
QTY 3   DR PEPPER 12PK                           $29.97             $17.97    B
        You save    ($12.00)
QTY 2   Coca Cola Cola                           $29.98             $21.98    B
        You save    ($8.00)
Total number of items sold = 9
        Subtotal                                                     $54.32
        Tax                                                           $2.27
        Total due                                                    $56.59

         Visa total                                                  $56.59
VISA #48 ke     EH ION?
APPROVAL CODE 07010G SEQ #: 730616
AID A0000000031010
        Change                                                        $0.00
                 Winn-Dixie rewards (ending in 9453

  rewards savings              Coupon savings             Total savings

        $21.79                       $0                     $21.79
                              Points summary*:

    Base earned               Bonus earned            Total balance


          27                         0                        191
                    Worth $1.91 in FREE groceries
               *May not include pending points activity

            Every 100 points = $1 in FREE groceries
          Terms apply. See WinnDixie.com for details

         Thank you for shopping your local Winn-Dixie!




                 Add items to shopping list
                   05/10/2025 at 5:02PM
                         Store Manager: PAUL
                      Your Cashier: ACM LANE_73




                 44250510141207300000073017500000




                                                  Reg               You Pay
        Pearl Millng Syrup                        $4.79               $3.00 B
        You save    ($1.79)
QTY 2   Hugbi Pies                                $5.38              $5.38    B
        HALLMARK ITEM                             $5.99              $5.99    T
QTY 3   DR PEPPER 12PK                           $29.97             $17.97    B
        You save    ($12.00)
QTY 2   Coca Cola Cola                           $29.98             $21.98    B
        You save    ($8.00)
Total number of items sold = 9
        Subtotal                                                     $54.32
        Tax                                                           $2.27
        Total due                                                    $56.59

         Visa total                                                  $56.59
VISA #48 ke     EH ION?
APPROVAL CODE 07010G SEQ #: 730616
AID A0000000031010
        Change                                                        $0.00

                 Winn-Dixie rewards (ending in 9453

  rewards savings              Coupon savings             Total savings

        $21.79                       $0                     $21.79
                              Points summary*:

    Base earned               Bonus earned            Total balance


          27                         0                        191
                    Worth $1.91 in FREE groceries
               *May not include pending points activity

            Every 100 points = $1 in FREE groceries
          Terms apply. See WinnDixie.com for details

         Thank you for shopping your local Winn-Dixie!




                 Add items to shopping list
                   05/09/2025 at 6:10 PM
                         Store Manager: PAUL
                       Your Cashier: KIMBERLY




              44250509141200301020448003700000




                                          Reg     You Pay
        Beef Sandwich                     $7.35     $4.47 B
        0.64 lbs @ $6.99/1b
        You save   ($2.88)
        Ground Sirloin                    $7.90    $7.43   B
        0.93 lbs @ $7.99/lb
        You save   ($0.47)
        Wheat Thins Crackr                $4.39    $3.00   B
        You save   ($1.39)
        Wheat Thins Crackr                $4.39    $3.00   B
        You save   ($1.39)
QTY 2   Ronzoni Pasta                     $3.78    $1.88   B
        You save   ($1.90)
        SEG Pasta Sauce                   $1.99    $1.69   B
        You save   ($0.30)
        SE Grocers Bread                  $2.79    $2.49   B
        You save   ($0.30)
QTY 2   Kraft Cheese                      $9.38    $5.00   B
        You save   ($4.38)
        SEG Gravy Mix                     $1.99    $1.99   B
        Imperial Spread                   $1.99    $1.49   B
        You save   ($0.50)
        SpaghettiOs Pasta                 $1.59    $1.59   B
        k&l Tomato Paste                  $0.89    $0.89   B
        Lotus Cookie Buttr                $6.59    $6.59   B
        k&l Diced Tomatoes                $1.29    $0.99   B
        You save   ($0.30)
        Chobani Yogurt                    $1.79    $1.79   B
        SEG Turkey                        $5.99    $5.99   B
        k&l Milk                          $3.49    $3.49   B
        Taylor Farms Green                $3.99    $3.34   B
        You save   ($0.65)
        Assume it's Butter                $4.49    $2.99   B
        You save   ($1.50)
        Guidry's Seasoning                $3.99    $3.99 B
wr      Bananas                           $0.61    $0.61   B
        0.88 lbs @ $0.69/lb
        Diet Bargs Rt Beer                $9.99    $5.99   B
        You save   ($4.00)
QTY 2   CocaCola Soda                    $19.98   $11.98   B
        You save ($8.00)
                   Ea

              Add items to shopping list
                   05/03/2025 at 4:29 PM
                             ore Manager:
                       Your Cashier:    KALIYAH




              44250503141200400982369013700000




                                             Reg
        Bunny Bread                          $3.99
QTY 2   NABISCO MINI VARTY                  $15.98
        You save   ($7.99)
        Blue Bell IceCream                   $8.99
        Little Debbie Snck                   $2.79
        You save   ($0.29)
        Dawn Dshwshng Lqud                   $3.99
        You save   ($0.70)
        k&l Milk                             $5.29
        You save   ($1.00)
        Slim Jim Jerky                       $1.79       $1.
                                                                ed

        SUAVE SWEET PEA BW                   $3.49       $3.
        Hershey's Syrup                      $4.99
        SEG Jumbo Biscuit                    $3.39       $3.
        Philadlph Crm Chse                   $4.59       $4.
                                                                Ce




QTY 2   SpaghettiOs Pasta                    $3.18
        Bush's Best Beans                    $1.89       $1.
        Hubba Bubba Gum                      $1.79       $1.
        SEG Turkey                          $10.19       $7.
        1.02 lbs @ $6.99/lb
        You save   ($3.06)
        Top Sirloin Steak                   $12.09
        1.1 lbs @ $6.99/lb
        You save   ($4.40)
        Chicken Leg                         $12.64
        You save   ($6.33)
Total number of items sold = 19
        Subtotal                                         $77.
        Tax
        Total due                                        $80.

         Points used (1,250                              $12.

         Debit total                                     $67.
DEBIT *** eee wR RHIIOY
APPROVAL CODE 022917 SEQ #: 47930
AID A0000000980840
        Change                                            $0.

              Winn-Dixie rewards      (ending in 9453)




              Add items to shopping list
                   05/03/2025 at 4:29 PM
                        Store Manager: PAUL
                       Your Cashier: KALIYAH




              44250503141200400982369013700000




                                                Reg         You Pay
        Bunny Bread                             $3.99         $3.99 B
QTY 2   NABISCO MINI VARTY                     $15.98         $7.99   B
        You save   ($7.99)
        Blue Bell IceCream                      $8.99         $8.99   B
        Little Debbie Snck                      $2.79         $2.50   B
        You save   ($0.29)
        Dawn Dshwshng Lqud                      $3.99         $3.29   T
        You save   ($0.70)
        k&l Milk                                $5.29         $4.29   B
        You save   ($1.00)
        Slim Jim Jerky                          $1.79         $1.79   B
        SUAVE SWEET PEA BW                      $3.49         $3.49   T
        Hershey's Syrup                         $4.99         $4.99   B
        SEG Jumbo Biscuit                       $3.39         $3.39   B
        Philadlph Crm Chse                      $4.59         $4.59   B
QTY 2   SpaghettiOs Pasta                       $3.18         $3.18   B
        Bush's Best Beans                       $1.89         $1.89   B
        Hubba Bubba Gum                         $1.79         $1.79   B
        SEG Turkey                             $10.19         $7.13   B
        1.02 lbs @ $6.99/lb
        You save   ($3.06)
        Top Sirloin Steak                      $12.09         $7.69   B
        1.1 lbs @ $6.99/lb
        You save   ($4.40)
        Chicken Leg                            $12.64         $6.31   B
        You save   ($6.33)
Total number of items sold = 19
        Subtotal                                             $77.29
        Tax                                                   $3.13
        Total due                                            $80.42

         Points used   (1,250)                               $12.50


         Debit total                                         $67.92
DEBIT *#*+ 4x eKHHREI304
APPROVAL CODE 022917 SEQ #:      47930
AID A0000000980840
        Change                                                $0.00

              Winn-Dixie rewards         (ending in 9453)




               Add items to shopping list
                   04/29/2025 at 6:34 PM
                         Store Manager: PAUL
                     Your Cashier: ACM LANE_091




              44250429141209100000091017100000




                                           Reg         You Pay
        Danimals Smoothie                  $3.89         $3.89   B
        Cheetos                            $0.59         $0.59   B
        SEG Canned Fruit                   $1.99         $1.99   B
        k&l Sweet Peas                     $1.49         $1.19   B
        You save   ($0.30)
        SpaghettiOs Pasta                  $1.59         $1.59   B
        Chips Ahoy Cookies                 $3.79         $3.79   B
        Wheat Thins Crackr                 $4.39         $4.39   B
        Knorr Rice Sides                   $1.59         $1.25   B
        You save   ($0.34)
        Chobani Yogurt                     $1.79         $1.79   B
        Sparkling Ice Wtr                  $1.29         $0.98   B
        You save   ($0.31)
QTY 2   Sparkling Ice Wtr                  $2.58         $1.96   B
        You save   ($0.62)
        Sparkling Ice Wtr                  $1.29         $0.98   B
        You save   ($0.31)
        Sparkling Ice Wtr                  $1.29         $0.98   B
        You save   ($0.31)
        Chicken Cutlet                     $9.30         $7.04   B
        1.33 lbs @ $5.29/lb
        You save   ($2.26)
        Pork Chops                         $5.65         $5.65   B
wr      Apples                             $2.34         $1.87   B
        0.94 lbs @ $1.99/lb
        You save   ($0.47)
QTY 3   Yellow Corn                        $2.67         $1.00   B
        You save   ($1.67)
       k&l Milk                            $5.29         $5.29   B
Total number of items sold = 21
        Subtotal                                        $46.22
        Tax                                              $1.62
        Total due                                       $47.84

        Debit total                                     $47.84
DEBIT ****xeex #x*2394
APPROVAL CODE 053419 SEQ #: 916340
AID A0000000980840
        Change                                           $0.00
              Winn-Dixie rewards    (ending in 9453)


              Add items to shopping list
